3224 5400
488 591 492 594 .
513 535 619 590 ANNO
637 534 703 586 isat
1173 537 1222 590 181

10 697 48 755 rit
69 711 88 750 a
110 698 227 764 pretato
250 696 398 751 clemente
422 697 503 750 certa
524 695 604 748 bulla
631 697 667 749 ad
690 698 807 750 eosdem
833 698 1011 764 prepositum
1039 702 1069 751 ct
1096 700 1224 764 priorem

10 779 189 848 atbeologie
205 780 402 845 professorem
417 780 588 845 magistrum
600 778 750 831 Nicolaum
769 778 809 846 (in
827 778 933 831 litteris
950 795 1017 833 vero
1035 794 1123 845 supra
1134 783 1223 832 nomi·

10 863 116 921 uisatur
132 876 187 928 per
203 875 334 914 errorem
349 860 509 925 iohannes)
527 861 626 925 (lopin,
644 860 793 919 decanum,
806 863 907 914 eodem
919 863 1053 914 videlicet
1064 864 1147 913 modo
1166 877 1222 926 quo

10 958 82 1012 upra
96 944 270 1005 intitulatos,
282 957 336 1009 per
354 957 448 1008 quam,
461 944 638 1008 prenarratis
655 944 817 995 summatim
834 945 992 1008 premissis,
1010 947 1040 996 et
1057 946 1133 1008 quod
1146 947 1224 996 ante·

10 1027 73 1085 ltus
82 1026 243 1081 Cardinalis
255 1026 296 1076 sic
307 1026 436 1078 creasset
450 1025 528 1090 ipsos
540 1027 570 1077 et
581 1038 680 1076 eorum
698 1024 855 1089 quemlibet
871 1026 1055 1089 inquisitores
1072 1025 1223 1091 generales

10 1106 120 1173 bquod
138 1108 194 1173 ipsj
221 1107 348 1159 cilicium
367 1106 530 1170 huiusmodi
551 1107 745 1170 inquisitionis
766 1106 922 1172 diligenter
939 1108 1089 1160 studerent
1108 1109 1222 1170 exequi,

10 1189 51 1247 'a
68 1189 154 1254 qaod,
184 1190 301 1254 propter
330 1187 527 1239 difficultatem
555 1189 613 1239 tam
640 1186 704 1238 loco
733 1189 762 1238 et
790 1189 918 1252 tempore
942 1202 1026 1251 quam
1048 1190 1078 1240 in
1103 1191 1222 1241 eandem

10 1271 166 1329 mudum
194 1284 259 1322 cum
287 1270 441 1333 ordinarijs
469 1268 599 1320 locorum
625 1269 790 1332 ipsorumve
823 1269 992 1320 officialibus
1020 1273 1222 1335 conueniendj,

10 1352 108 1423 πρίω
130 1365 189 1405 nou
208 1351 379 1403 succedebat
399 1364 435 1403 ex
455 1351 616 1414 huiusmodj
636 1351 830 1413 inquisitionis
848 1351 942 1402 officio
960 1366 1118 1412 successus,
1137 1354 1222 1416 atque

10 1431 51 1495 b,
60 1434 136 1500 quod
146 1434 294 1499 properie
307 1433 382 1484 dicte
395 1433 558 1498 Margarete
566 1432 656 1483 tuerit
664 1432 738 1496 apud
747 1433 841 1496 ipsum
850 1431 1065 1484 sanctissimum
1074 1434 1223 1486 humiliter

10 1515 197 1583 muratum,
226 1515 256 1565 vt
284 1527 336 1579 pro
366 1513 528 1577 huiusmodi
558 1513 697 1578 pestiiera
724 1512 788 1565 labe
817 1515 989 1566 eradicanda
1016 1516 1046 1565 in
1074 1516 1223 1580 premissis

10 1599 137 1665 minue
155 1596 311 1662 prouidere
334 1595 370 1647 de
390 1595 568 1661 benignitate
589 1594 746 1658 apostolica
763 1595 940 1660 dignaretur,
967 1610 1125 1662 agnoscens
1146 1598 1223 1649 idem

10 1679 196 1737 hcdmimm
217 1691 301 1730 suum
322 1690 385 1729 esse
407 1689 461 1741 pro
483 1675 575 1728 salute
597 1677 696 1741 gregis
718 1677 852 1742 dominicj
876 1678 952 1729 dicte
970 1679 1108 1742 nepharie
1127 1679 1222 1743 heresj

10 1762 72 1826 nni
95 1775 152 1826 quo
172 1761 287 1825 poterat
310 1758 416 1823 salubrj
443 1759 571 1811 remedio
593 1758 721 1816 obuiare,
744 1758 908 1823 discretionj
933 1761 1038 1818 vestre,
1060 1761 1095 1811 de
1115 1774 1172 1824 qua
1193 1761 1223 1810 in

10 1843 33 1897 ‘n
52 1841 206 1908 specialem
228 1842 258 1892 in
281 1833 403 1892 Domino
425 1840 557 1891 fiduciam
578 1840 715 1904 gerimus,
737 1839 840 1906 (inquit
857 1841 919 1905 ipse
937 1841 972 1891 ad
993 1843 1118 1901 eosdem,
1139 1842 1223 1892 modo

10 1934 50 1978 uo
67 1937 156 1990 supra
171 1921 409 1989 prenominatos),
422 1922 598 1978 mandamus,
612 1922 751 1985 quatenus
761 1936 810 1971 vos
819 1922 862 1973 rel
877 1923 932 1973 duo
945 1925 994 1973 aut
1005 1924 1222 1984 unusvestrum,

10 2020 47 2060 er
62 2020 124 2064 vos,
142 2004 188 2058 vel
207 2004 293 2056 alium
314 2017 365 2055 seu
386 2003 468 2064 alios,
490 2002 626 2054 adhibitis
649 2001 683 2068 (sj
709 2003 788 2054 vobis
810 2002 964 2069 videbitur)
988 2004 1071 2055 dictis
1095 2005 1224 2055 locorum

10 2089 157 2153 rdinarijs,
176 2086 221 2138 vel
239 2087 302 2138 sine
318 2085 387 2145 illis,
406 2085 514 2136 vocatis
531 2084 674 2143 vocandis,
689 2097 786 2135 omnes
799 2086 828 2136 et
840 2084 968 2150 singulas
980 2099 1080 2136 causas
1097 2085 1223 2137 heresim

10 2171 148 2239 spientes,
166 2169 197 2220 in
209 2168 329 2233 pretatis
340 2167 470 2233 partibus
482 2180 516 2217 ac
526 2165 659 2229 dominijs
671 2167 785 2216 exortas
803 2168 833 2218 et
849 2180 919 2230 quas
937 2168 1043 2231 exorirj
1058 2169 1223 2233 contigerit,

10 2253 116 2307 mstis
139 2253 179 2313 et,
203 2252 233 2302 in
258 2250 361 2314 quibus
383 2249 464 2300 vobis
487 2247 641 2306 ridebitur,
665 2247 700 2298 de
729 2245 849 2298 consilio
879 2247 1039 2310 aliquorum
1067 2250 1224 2313 proborum

10 2334 131 2399 trorum,
155 2333 187 2384 iu
203 2331 352 2397 theologia
369 2332 419 2382 aut
435 2331 500 2395 jure
517 2329 685 2394 peritorum,
708 2330 757 2380 aut
780 2330 871 2392 vuius,
896 2331 1017 2380 duorum
1035 2330 1080 2382 vel
1097 2330 1224 2395 plurium

10 2402 167 2470 hrieomm
177 2413 223 2466 rel
235 2413 375 2465 laicorum
392 2424 444 2475 per
461 2412 553 2475 ipsam
564 2409 767 2476 Margaretam‚
785 2412 809 2474 sj
828 2411 961 2469 voluerit,
974 2413 1054 2462 vobis
1066 2412 1224 2478 adiungen-

10 2510 104 2566 πω,
117 2494 231 2549 sublato
249 2493 350 2559 quouis
368 2492 478 2557 diiiugij
492 2490 649 2556 obstaculo,
663 2491 814 2556 decidatis3
827 2505 892 2542 cum
904 2492 1083 2544 absolutione
1095 2492 1223 2552 illorum,

10 2592 64 2634 uos
81 2590 172 2644 penas
188 2589 242 2641 per
259 2589 309 2625 vos
326 2573 498 2639 infligendas
514 2573 664 2624 incurrere
681 2573 845 2638 contigerit,
865 2574 947 2623 nobis
964 2575 994 2625 et
1011 2575 1223 2627 successoribus

10 2661 98 2714 utris
114 2657 256 2711 Romanis
268 2655 452 2720 pontificibus
465 2668 498 2707 ac
510 2656 632 2707 durante
643 2656 738 2706 vestre
750 2654 940 2720 delegationis
953 2655 1115 2720 huiusmodi
1130 2656 1223 2707 officio

10 2742 74 2795 abis
88 2740 255 2801 reseruata3
274 2739 304 2790 et
314 2739 391 2789 inira
402 2750 467 2788 cum
480 2738 626 2801 potestate
644 2750 704 2794 eos,
717 2737 764 2800 quj
784 2737 820 2787 ad
831 2737 960 2787 veritatis
972 2738 1069 2788 lumen
1081 2738 1177 2790 redire
1194 2741 1225 2789 et

10 2823 119 2878 assim
132 2823 266 2874 abiurare
277 2819 432 2880 voluerint,
443 2819 477 2870 ab
488 2819 618 2869 omnibus
630 2818 941 2878 excommunicationis,
951 2819 1158 2882 suspensionis,
1168 2821 1223 2871 etc.

10 2905 123 2960 ensuris
141 2906 171 2956 et
187 2903 281 2969 penis,
301 2901 336 2953 de
355 2900 475 2952 consilio
494 2901 523 2951 et
540 2913 658 2951 assensu
675 2899 754 2951 illius
765 2899 811 2950 vel
823 2898 939 2950 illorum
957 2900 1160 2951 canonicorum
1172 2915 1223 2953 seu

10 2985 244 3040 reedesiastica
268 2983 408 3048 dignitate
431 2982 662 3039 constitutorum,
686 2994 770 3044 quem
792 2995 843 3032 seu
867 2995 938 3044 quos
961 2982 1038 3032 dicta
1060 2982 1225 3046 Margareta

10 3068 108 3121 uxerit
125 3066 322 3132 deputandum
339 3077 390 3116 seu
403 3063 591 3128 deputandos,
604 3064 634 3114 et
645 3077 702 3114 non
714 3062 795 3121 alias,
808 3063 838 3114 in
849 3064 942 3114 torma
954 3063 1075 3115 ecclesie
1087 3065 1225 3114 consucta

10 3148 159 3213 bsolueudj
173 3149 204 3201 et
216 3159 304 3212 super
316 3144 532 3211 irregularitate
549 3144 731 3208 dispensandj
743 3143 792 3211 (l);
810 3146 840 3196 et
856 3145 952 3195 intra:
973 3144 1011 3195 Et
1027 3146 1063 3195 ad
1081 3145 1177 3195 omnia
1194 3146 1224 3196 et

10 3229 108 3298 iugula
124 3229 278 3295 premissa,
292 3227 318 3279 si
335 3227 492 3291 siquando
510 3226 647 3291 expedire
664 3226 794 3277 videritis
810 3239 906 3283 vnum,
920 3226 991 3276 duos
1008 3225 1053 3276 vel
1070 3225 1179 3290 plures,
1192 3226 1223 3278 in

10 3313 144 3379 beologia
159 3312 190 3364 et
205 3311 271 3376 jure
289 3308 452 3373 huiusmodi
471 3308 590 3372 peritos,
608 3307 638 3358 ln
656 3308 812 3373 prouinciJs
829 3308 859 3358 et
875 3305 956 3366 locis,
975 3307 1010 3358 de
1028 3307 1130 3370 quibus
1142 3308 1222 3360 vobis

10 3396 148 3452 idebitur,
177 3406 244 3444 cum
269 3389 356 3455 simil]
385 3389 430 3442 vel
458 3389 581 3441 limitata
602 3387 738 3441 iacultatc
767 3390 939 3453 assumendi,
964 3389 1168 3456 subdelegandj
1193 3390 1224 3442 et

10 3476 162 3544 aunuum.

28 3639 166 3701 Quaeritur
178 3635 327 3701 numquid,
345 3633 514 3700 prescriptis
531 3632 625 3692 iactis,
637 3634 843 3693 occasionibus,
862 3634 954 3685 modis
971 3635 1001 3686 et
1018 3636 1149 3686 terminis
1160 3650 1224 3701 pre·

10 3722 168 3788 oeiptarum
186 3718 315 3771 omnium
334 3715 498 3768 litterarum
515 3715 671 3781 diligenter
683 3716 881 3775 consideratis,
896 3715 1040 3782 delegatio
1052 3731 1103 3769 seu
1115 3719 1222 3770 creatio

10 3804 171 3858 matorum
194 3799 335 3867 prepositi
360 3800 390 3851 et
411 3799 518 3864 prioris
545 3798 582 3850 ad
609 3799 769 3863 pretactum
792 3798 987 3862 inquisitionis
1012 3799 1136 3851 officium
1159 3814 1224 3852 cum

10 3886 180 3940 maurus
198 3884 228 3935 iu
253 3882 362 3934 eisdem
384 3880 665 3938 litteriscontentis,
684 3881 720 3932 de
740 3881 806 3945 iure
826 3882 936 3944 censer]¹
961 3881 1064 3933 debeat
1084 3882 1175 3934 tuisse
1194 3884 1225 3935 et

10 3981 61 4020 isse
81 3967 179 4027 realis,
203 3968 350 4029 tamquam
372 3963 449 4015 iacta
470 3961 533 4013 loco
557 3976 590 4012 ac
610 3963 799 4028 dignitatibus
818 3963 889 4027 ipsis
912 3963 1005 4014 etita
1027 3964 1164 4017 transisse
1187 3965 1223 4016 ad

10 4060 177 4101 moeusores
188 4045 356 4099 eorumdem
368 4044 506 4110 prepositi
520 4044 549 4094 et
560 4044 676 4107 prioris,
690 4043 725 4095 de
743 4045 844 4107 quibus
862 4045 892 4094 in
909 4043 1047 4108 predictis
1059 4043 1173 4103 litteris,
1186 4059 1222 4098 an

10 4131 92 4192 botius
103 4128 296 4182 existimanda
307 4128 346 4178 sit
357 4125 519 4188 huiusmodi
533 4125 695 4176 commissio
706 4127 797 4178 tuisse
808 4125 968 4191 personalis
980 4127 1010 4177 et
1021 4125 1148 4177 extincta
1159 4141 1223 4178 cum

41 4364 73 4432 (1.)
87 4368 129 4434 Op
148 4369 203 4434 den
221 4367 311 4420 rand:
336 4365 381 4418 He
401 4365 529 4418 clausule
549 4366 584 4417 de
604 4365 725 4418 consilio
743 4367 773 4417 et
789 4380 906 4418 assensu
928 4366 1155 4431 deputandorum
1171 4376 1224 4429 per

10 4445 190 4515 uuguetsun
218 4451 248 4501 et
271 4450 306 4500 de
326 4450 448 4500 durante
470 4448 633 4514 huiusmodi
659 4447 850 4515 delegationis
873 4449 963 4500 officio
986 4461 1043 4499 non
1067 4445 1225 4499 consonant

13 4527 80 4581 hauc
90 4531 297 4600 delegationem
309 4544 372 4584 esse
383 4532 561 4598 perpetuam.
