3224 5400
701 518 806 573 alluo
824 517 889 571 1526
1330 534 1340 547 ··
1371 521 1404 573 99

175 684 324 768 dormis,
350 685 409 755 het
425 686 551 754 hooreu
566 685 625 754 der
653 685 772 771 biocht,
792 688 850 757 het
873 686 995 757 sluiteu
1010 707 1076 755 vau
1098 686 1300 778 huwelijlren
1323 688 1405 756 door

174 788 358 857 verdachte
373 809 535 875 personen
553 811 595 857 en
613 791 648 857 in
675 789 841 859 verboden
869 789 1174 877 omstandighaden,
1195 812 1235 859 an
1247 791 1306 860 het
1321 792 1405 863 hon·

174 890 241 959 deu
268 912 331 960 vau
347 891 497 981 bijzitten
514 892 595 960 door
618 893 659 961 de
681 894 897 983 geestelljlsen
921 897 1019 980 tegen
1035 893 1185 981 beteling
1201 914 1301 962 eener
1311 896 1404 984 jaar-

173 994 320 1084 lijksche
351 995 502 1083 geldboet
529 1018 596 1064 nau.
623 996 736 1065 hunne
763 1002 928 1066 oversten.
958 997 1019 1084 (Er
1049 996 1115 1085 zijn
1139 1019 1187 1081 er,
1216 1000 1267 1065 die
1291 999 1404 1067 hunno

175 1095 329 1187 bijsittou
352 1099 422 1167 niet
447 1099 635 1187 geduraude
662 1097 737 1183 ee'n,
763 1105 850 1169 twee
874 1100 911 1168 oi
929 1099 1010 1181 dria,
1038 1121 1130 1167 maur
1151 1102 1233 1185 tien,
1260 1101 1400 1191 vijftien,

174 1204 315 1292 twintig
330 1225 371 1271 en
389 1224 478 1271 mear
490 1207 587 1292 jaren
608 1205 766 1294 houden.)

209 1342 341 1395 Erardus
359 1343 394 1395 de
414 1342 541 1406 Marclsa,
563 1345 749 1399 miseratione
772 1346 869 1398 divina
885 1346 962 1398 tituli
979 1346 1070 1398 sancti
1087 1344 1252 1412 crisogonis
1263 1345 1406 1409 presbiter

173 1424 343 1486 cardinalis,
354 1425 585 1493 archiepiscopus
602 1426 779 1490 Valentinus,
795 1430 946 1495 episcopus
963 1429 1140 1487 Leodieusis,
1153 1429 1211 1479 dux
1224 1425 1405 1479 Bulloneusis

173 1509 206 1560 et
217 1521 316 1561 comes
328 1507 486 1568 Lossensis,
499 1510 641 1563 universis
653 1511 684 1562 et
695 1510 816 1577 singulis
834 1510 1051 1572 archidiaconis,
1065 1510 1223 1568 abbatibus,
1240 1509 1404 1574 prepositis,

176 1590 299 1643 decanis
319 1592 348 1642 et
366 1590 521 1656 capittulis,
542 1591 799 1659 archipresbyteris
819 1607 871 1646 seu
889 1594 1003 1646 decanis
1015 1592 1169 1652 ruralibus,
1179 1590 1364 1644 ecclesiarum
1376 1594 1406 1644 et

175 1672 356 1738 capellarum
367 1674 528 1726 rectoribus
538 1675 730 1739 universoque
741 1675 820 1728 clero
837 1676 943 1728 nostris
966 1677 1043 1727 curis
1063 1675 1225 1734 commisso,
1243 1671 1364 1726 salutem
1375 1673 1405 1725 in

175 1756 303 1808 Domino
315 1757 527 1821 sempiternam.

212 1839 286 1892 Cum
303 1839 470 1902 trequentes
493 1841 665 1892 sanctissimi
689 1841 797 1892 domiui
817 1842 909 1893 nostri
928 1842 1076 1907 rescriptis
1099 1854 1132 1893 ac
1152 1840 1285 1892 brevibus
1304 1839 1406 1891 moniti

176 1921 269 1974 etiam
280 1934 317 1972 ex
328 1921 480 1986 pastoralis
489 1924 575 1975 officii
584 1924 680 1976 debito
690 1938 791 1991 agrum
801 1925 974 1976 dominicum
982 1923 1094 1977 culture
1105 1925 1202 1975 nostre
1213 1923 1249 1975 ab
1257 1921 1404 1974 altissimo

176 2003 410 2055 commendatum
421 2019 439 2056 a
450 2006 586 2071 uepribus
604 2007 754 2071 noxiisque
771 2008 801 2059 et
818 2006 964 2060 sterilibus
976 2006 1074 2058 herbis
1085 2007 1222 2071 pestilera
1234 2006 1264 2057 et
1275 2005 1405 2058 mansee

177 2085 346 2138 Lutherane
368 2089 447 2140 secte
469 2088 574 2140 nedum
593 2102 764 2156 expurgare,
787 2089 847 2150 sed,
869 2103 905 2142 ne
926 2089 1062 2154 temporis
1085 2088 1170 2152 hujus
1191 2086 1301 2139 malitia
1316 2084 1405 2138 homi-

179 2181 310 2233 numque
330 2171 458 2234 nequitia
477 2184 509 2222 ac
536 2171 646 2224 desidia
663 2171 801 2238 paulatim
825 2172 996 2234 succrescat,
1009 2170 1086 2223 cultu
1106 2170 1222 2222 assiduo
1241 2169 1405 2235 prospicere

176 2253 381 2304 confusionum
398 2253 652 2318 scandalorumque
664 2254 813 2306 materiam
823 2255 1007 2320 praecindere
1020 2255 1049 2306 et
1060 2251 1182 2304 ecclesie
1199 2265 1232 2303 ac
1244 2252 1406 2302 sanctorum

178 2337 298 2401 patrum
317 2335 433 2387 decreta
452 2349 562 2387 necnon
584 2336 753 2388 sanctissimi
773 2337 880 2388 domini
903 2336 993 2388 nostri
1023 2334 1261 2399 Clementispape
1281 2333 1405 2398 septimi,

177 2417 414 2469 reverendissimi
431 2418 461 2467 in
473 2416 587 2469 Christo
603 2418 694 2483 patris
712 2432 745 2470 ac
761 2418 869 2470 domini
891 2417 1038 2470 Laurentii
1058 2416 1215 2482 Campegii,
1236 2417 1333 2467 sancte
1344 2415 1403 2466 Ro·

179 2510 266 2550 mane
284 2497 404 2551 ecclesie
416 2498 568 2550 cardinalis
588 2501 741 2564 sancteque
759 2500 835 2552 sedis
855 2499 1011 2565 apostolice
1033 2499 1139 2550 dudum
1156 2511 1209 2563 per
1226 2497 1405 2550 Germaniam

179 2581 216 2633 de
228 2580 321 2633 latere
337 2580 436 2648 legati,
449 2581 643 2634 ordinationes
655 2584 685 2635 et
695 2585 802 2637 statuta
812 2582 976 2650 diligenter,
989 2583 1021 2634 ut
1037 2583 1178 2640 tenemur,
1191 2579 1293 2644 exequi
1311 2579 1406 2643 cupia-

178 2677 251 2724 mus,
271 2677 339 2716 sane
354 2664 557 2728 perpendendo
575 2666 605 2716 et
621 2667 701 2716 recta
718 2665 818 2728 judicii
836 2667 943 2717 statera
961 2665 1104 2731 pensando
1124 2662 1197 2714 hauc
1216 2661 1406 2727 perniciosam
1427 2720 1429 2726 y

178 2747 318 2797 zizaniam
330 2759 364 2798 eo
376 2747 555 2811 potissimum
566 2747 667 2799 iomite
679 2749 736 2798 tam
748 2746 805 2800 late
816 2746 981 2812 pullulasse,
998 2748 1074 2811 quod
1090 2743 1311 2810 impressoribus
1322 2741 1406 2794 libra·

178 2828 290 2891 riisque
303 2829 333 2879 et
343 2826 507 2892 bibliopolis
516 2828 606 2880 libros
618 2827 762 2892 quoslibet
775 2831 805 2881 et
816 2830 927 2881 chartas
939 2829 1104 2893 imprimere
1115 2826 1238 2890 illosque
1250 2825 1406 2878 venditioni

177 2909 296 2974 publice
309 2923 463 2974 exponere,
478 2911 608 2962 omnibus
619 2913 754 2976 preterea
773 2912 859 2963 etiam
871 2912 978 2963 exteris
995 2911 1025 2963 et
1040 2911 1146 2976 ignotis
1164 2909 1336 2971 minimeque
1353 2920 1405 2971 per

178 2992 359 3043 ordinarium
371 2993 494 3057 receptis
506 2995 536 3044 et
547 2995 711 3058 approbatis
724 2994 901 3058 presbyteris
912 2994 1035 3045 maxime
1046 2992 1190 3058 religiosis
1202 2990 1405 3055 predicationis

179 3074 309 3126 officium
321 3088 467 3134 exercerc,
481 3076 586 3136 divina,
599 3077 751 3140 presertim
762 3077 888 3134 missam,
900 3077 930 3127 in
952 3076 1115 3128 diversoriis
1127 3076 1157 3126 et
1168 3073 1238 3125 locis
1249 3072 1405 3137 prophanis

179 3156 339 3217 celebrare,
352 3160 560 3210 sacramentum
572 3159 699 3224 conjugii
717 3173 773 3210 non
785 3159 1004 3224 precedentibus
1021 3158 1122 3209 bannis
1139 3171 1189 3209 seu
1209 3154 1406 3220 proclamatio·

180 3239 267 3290 nibus
279 3239 383 3291 debitis
395 3243 477 3292 extra
494 3242 596 3293 taciem
609 3240 745 3293 ecclesiae
762 3241 952 3306 prophanare,
966 3240 1159 3292 sacerdotibus
1179 3240 1296 3303 insuper
1307 3238 1407 3287 contra

178 3323 296 3387 patrum
316 3321 447 3374 instituta
466 3326 495 3374 et
515 3323 673 3375 honestatis
685 3323 826 3375 clericalis
839 3325 997 3376 decentiam
1014 3324 1044 3374 iu
1067 3324 1126 3374 suis
1145 3319 1360 3373 incontinentiis
1377 3321 1407 3370 et

178 3403 387 3468 cupiditatibus
411 3405 617 3465 insordescere,
637 3406 760 3456 iocarias
781 3419 831 3456 seu
851 3406 1022 3456 concubinas
1044 3404 1133 3455 instar
1153 3416 1273 3454 uxorum
1293 3399 1406 3465 publice

178 3485 282 3535 lovere
301 3498 424 3548 suasque
443 3486 666 3537 incontinentias
682 3499 776 3538 annuo
789 3487 926 3538 tributor.
942 3485 1061 3551 prelatis
1080 3487 1139 3537 suis
1159 3486 1210 3535 sub
1228 3484 1329 3535 umbra
1345 3496 1407 3534 cor-

178 3565 322 3617 rectionis
341 3566 494 3624 redimere,
515 3580 625 3618 summa
647 3566 765 3620 licentia
783 3570 813 3619 et
838 3567 992 3633 impunitas
1011 3566 1115 3617 dultin
1136 3564 1300 3617 scandalum
1319 3562 1406 3628 pluri-

181 3662 307 3699 morum.

215 3730 357 3788 Quocirca
378 3733 510 3784 omnibus
533 3734 563 3785 et
581 3732 704 3800 singulis
721 3734 941 3799 impressoribus
960 3732 1142 3796 librariisque
1160 3732 1190 3783 et
1209 3731 1273 3782 aliis
1293 3729 1407 3794 quibus·

178 3826 304 3877 cumque
320 3814 403 3865 nobis
423 3816 544 3867 subditis
562 3816 614 3868 sub
632 3817 933 3869 excommunicationis
953 3817 983 3868 et
999 3816 1113 3867 centum
1131 3812 1267 3865 nobilium
1286 3813 1322 3864 ad
1337 3825 1405 3864 usus

179 3897 245 3961 pios
266 3895 449 3961 applicandos
466 3912 541 3963 pena
557 3899 686 3951 districte
698 3900 870 3962 iuhibemus,
883 3913 914 3952 se
931 3897 1020 3950 libros
1038 3896 1148 3960 aliquos
1159 3898 1256 3963 preter
1273 3895 1405 3958 antiquos

180 3980 211 4030 et
227 3979 351 4030 usitatos
362 3992 395 4030 ac
406 3980 440 4031 ab
453 3980 576 4033 ecclesia
586 3986 718 4048 receptos
730 3996 780 4035 seu
791 3997 845 4048 per
857 3997 908 4034 uos
920 3983 970 4034 aut
981 3980 1191 4032 commissarios
1202 3981 1314 4030 nostros
1325 3977 1405 4042 prius

180 4062 361 4113 examinatos
372 4064 401 4114 et
413 4062 550 4114 admissos
567 4064 733 4129 imprimere
745 4067 794 4117 aut
808 4064 968 4117 venditioni
978 4061 1109 4128 publicae
1121 4060 1165 4114 vel
1177 4061 1309 4126 privatim
1324 4072 1407 4123 expo·

182 4157 252 4196 nere
264 4146 439 4209 presumant,
460 4158 535 4209 pena
546 4146 731 4199 nihilominus
742 4150 844 4199 contra
853 4146 992 4198 librorum
1004 4144 1232 4198 Lutheranorum
1245 4143 1407 4194 detentores

182 4241 214 4278 ac
234 4225 359 4279 lectores
379 4241 396 4278 a
415 4230 513 4280 sancta
529 4229 597 4282 sede
617 4228 774 4295 apostolica
793 4233 822 4282 et
838 4227 981 4295 imperiali
1002 4228 1152 4292 majestate
1174 4227 1289 4278 decreta
1307 4225 1336 4274 in
1356 4235 1408 4274 suo

181 4310 287 4361 robore
307 4313 506 4375 permanente.

216 4393 374 4444 statuimus
390 4393 509 4458 insuper
532 4396 762 4462 ordinamusque,
783 4399 814 4446 ut
832 4394 910 4445 nullo
923 4396 1038 4446 decreto
1057 4391 1186 4458 religiosi
1204 4390 1248 4443 vol
1266 4389 1408 4442 seculares

183 4476 387 4539 cuiuscumque
399 4477 572 4529 conditionis
583 4492 706 4544 persone
722 4493 776 4545 per
792 4480 919 4529 nostram
931 4476 1075 4543 dyocesim
1088 4476 1122 4526 ad
1134 4473 1336 4540 predicationis
1349 4471 1409 4522 offl-

184 4558 260 4611 cium
279 4558 311 4611 in
330 4558 472 4620 ecclesiis,
493 4560 611 4627 capellis
632 4561 678 4616 vel
698 4562 764 4616 aliis
784 4561 855 4614 locis
877 4559 1000 4627 publicis
1017 4572 1068 4612 seu
1084 4558 1203 4624 privatis
1222 4556 1408 4609 admittantur
