3224 5400
542 474 646 533 ilino
667 474 732 529 152⁵
1213 473 1247 529 ἃ

15 640 160 709 fleuboys
176 641 208 696 et
226 641 364 710 magistro
381 639 513 696 cornelio
537 640 659 708 Nicolaj,
680 639 777 707 elerici
801 638 989 694 Tornaeenais
1008 641 1038 692 et
1058 637 1248 693 Treieetsnsir

13 725 164 792 dyocesis.
177 726 365 786 testibusete.

53 806 150 862 fesor
158 823 223 862 rere
231 810 350 876 ρνιεαοὶ]
364 806 537 862 mortalis
548 809 710 876 requireret
721 811 761 859 ert
770 805 858 859 satir:

49 890 201 945 officiales
212 890 394 949 leodienses,
407 891 501 942 citetis
513 891 705 956 peremptorie
724 890 754 942 in
767 891 797 942 et
808 888 843 940 ed
861 887 1010 941 ecelesiam
1026 887 1208 955 collegiatam
1219 888 1250 942 et

10 972 216 1041 puoehialem
229 974 318 1038 sanct]
333 972 423 1038 Petrj,
433 973 510 1038 opidj
523 972 719 1031 Lemniensis.
731 971 898 1025 leodiensis
908 971 1047 1036 dyocesis,
1058 984 1153 1023 eorem
1166 971 1248 1024 nobis

10 1055 50 1109 nd
63 1055 172 1121 teriam
184 1056 314 1120 quartam
326 1055 493 1119 proximam,
503 1054 576 1106 hora
588 1067 783 1119 vesperorum,
795 1054 972 1118 postiestum
984 1054 1080 1105 sancte
1094 1052 1247 1105 detherine

10 1136 147 1204 &ginis
156 1140 187 1190 et
197 1138 324 1189 martiris
333 1138 462 1202 proxime
472 1137 651 1203 preteritum.
670 1136 826 1188 Henrieum
846 1134 881 1187 de
901 1134 1039 1188 Hemerot
1054 1137 1247 1201 sarmatum,

10 1218 160 1284 inlocum
169 1218 291 1285 Walterj
305 1221 340 1272 de
349 1219 460 1279 EerseI.
477 1209 671 1285 procuratoris
683 1218 767 1283 orueij
781 1218 892 1284 agentis
901 1220 1001 1268 eontra
1011 1216 1156 1269 domiuum
1168 1215 1236 1269 Nico

10 1300 97 1355 lsum
108 1300 227 1368 Christi,
240 1302 438 1369 presbyterum
447 1316 539 1367 reum,
551 1303 587 1354 ad
599 1302 770 1354 sudiendum
781 1301 828 1366 J'us
841 1300 895 1364 diei
909 1313 959 1352 seu
973 1300 1099 1350 nostram
1107 1299 1137 1351 in
1149 1298 1248 1350 eedem

10 1385 191 1451 eeussterrj
210 1389 240 1437 et
247 1384 423 1452 promulgurJ¹
441 1385 617 1437 sentenciam
635 1383 812 1436 diffinitivum
825 1382 946 1436 ulterius
957 1383 1011 1435 ete.
1030 1380 1077 1434 Sic
1093 1374 1249 1445 subscripsi

10 1463 183 1530 Blomeert,
196 1469 251 1521 etc.

166 1588 170 1597 ·
288 1579 480 1644 Rijksarchiei
506 1580 535 1631 te
562 1576 689 1636 erssel,
719 1577 841 1632 iteneris
869 1575 904 1630 de
936 1575 1048 1636 Vienna,
1077 1574 1249 1639 Inventum,

324 1660 386 1714 deei
399 1662 459 1722 XV,
472 1661 558 1714 liasse
570 1671 600 1714 η*
611 1660 725 1714 XLVII.

587 1884 684 1952 444.

72 2084 185 2158 1525,
205 2076 397 2147 December
415 2085 448 2158 2,
468 2079 623 2147 Leuuen.
652 2084 839 2151 Notarieele
854 2087 928 2152 ecte
944 2085 985 2151 ds
1000 2082 1248 2169 rsroordeeling

14 2184 222 2255 berenende
251 2205 313 2252 ven
344 2185 494 2256 Nieoleas
525 2185 660 2268 Christi,
696 2187 835 2274 priester
865 2187 898 2254 in
932 2187 990 2255 het
1017 2184 1191 2276 begijnhoi
1215 2192 1248 2252 te

17 2290 342 2376 Bergeneumom.
357 2327 406 2346 .-
421 2285 512 2356 verr
526 2287 589 2357 den
606 2287 801 2376 inquisiteur
821 2289 972 2358 Nieoieas
986 2290 1109 2378 Goppin
1127 2309 1167 2357 en
1184 2287 1249 2356 den

19 2392 164 2460 officieal
193 2411 255 2459 ran
285 2391 368 2458 Luik
397 2392 430 2458 in
454 2390 601 2460 Brebant
626 2394 753 2460 Gererd
780 2394 820 2460 de
848 2397 1019 2479 Erpeeom,
1046 2392 1249 2462 remcheneu

19 2496 101 2564 dien
128 2495 194 2582 dag
218 2495 259 2561 de
285 2494 519 2583 beschuldigde
543 2516 583 2562 en
614 2493 655 2563 de
682 2515 873 2582 procureur,
907 2497 1074 2582 vragende
1100 2497 1141 2564 de
1166 2494 1250 2562 rask

19 2607 74 2669 tot
102 2619 165 2666 een
196 2596 290 2664 einde
322 2603 356 2665 te
390 2596 547 2685 brengen‚
582 2599 722 2685 heigeen
755 2599 863 2666 wurdt
887 2605 1092 2687 tregestaan.
1123 2600 1249 2684 Daarop

16 2703 118 2789 reigt
134 2701 193 2769 het
208 2701 337 2780 renuis,
363 2699 501 2788 waerbij
527 2701 678 2780 Nieeiaas
700 2702 823 2770 Christi
847 2701 1058 2770 reroordseld
1075 2701 1184 2768 werdt
1198 2705 1250 2768 tot

15 2805 223 2890 hersueping
246 2809 280 2870 te
303 2804 434 2870 Leuven
460 2823 501 2870 sn
525 2809 560 2870 te
583 2805 886 2892 Bergen·0p·Zoum
909 2825 950 2872 en
973 2810 1025 2874 tot
1048 2805 1106 2871 het
1127 2803 1250 2871 offeren

18 2928 91 2977 ren
113 2913 201 2975 twee
216 2906 355 2976 kaarsen
374 2911 427 2974 ter
444 2926 520 2974 esre
541 2907 629 2975 Gode
652 2927 694 2976 en
716 2906 777 2976 der
797 2908 941 2995 heiligen
964 2905 997 2972 in
1022 2906 1061 2972 ds
1084 2904 1168 2972 kerk
1190 2904 1251 2972 der

19 3012 67 3082 H.
93 3009 266 3080 Gertrudis
289 3019 323 3079 te
349 3012 662 3097 Bergan-op-zoom.
680 3013 742 3078 Tot
757 3011 814 3079 het
831 3008 991 3099 roigends
1008 3007 1171 3085 feretran
1186 3007 1251 3078 den

19 3116 68 3183 Η.
94 3113 264 3182 Johennes
279 3115 431 3201 Baptista
452 3115 509 3204 (24
523 3116 544 3182 J
547 3115 601 3180 uui
621 3112 657 3180 oi
668 3115 713 3183 24
728 3112 932 3200 September)
955 3111 1063 3186 wurdt
1079 3111 1155 3178 hem
1177 3130 1252 3179 rer·

20 3217 132 3286 boden
150 3237 215 3304 neg
230 3223 264 3285 te
276 3217 435 3303 prediken
448 3238 488 3284 en
503 3216 612 3284 bieeht
624 3224 658 3284 ts
671 3219 808 3285 horren.
825 3218 890 3284 Zuo
903 3217 949 3305 hij
963 3215 1087 3283 daarna
1098 3214 1251 3301 epnieuw

21 3323 82 3389 vii
99 3321 270 3408 prediken,
289 3329 375 3388 meet
391 3320 436 3409 hij
455 3320 512 3387 het
529 3320 714 3408 getuigenis
730 3319 864 3387 kunnan
882 3319 1081 3405 orerleggen
1098 3338 1161 3384 ran
1180 3317 1252 3384 tien

19 3425 196 3513 priesters,
215 3423 435 3491 verklarende
451 3423 507 3491 dat
525 3423 568 3511 hij
587 3423 779 3492 intussehen
798 3443 860 3489 vau
876 3422 957 3508 goed
974 3420 1100 3508 gedreg
1120 3440 1192 3488 was
1199 3417 1249 3488 (¹).

21 3528 214 3598 Borendien
230 3527 338 3595 werdt
354 3528 399 3614 hij
418 3526 631 3594 veroordeeld
647 3533 697 3593 tot
714 3526 753 3593 de
772 3525 889 3592 kosten
907 3546 970 3591 van
987 3524 1047 3591 het
1062 3524 1195 3610 gediug.

53 3700 177 3759 Deinde.
199 3699 247 3750 die
268 3698 393 3764 Subbatj,
416 3699 541 3752 secunda
561 3699 628 3765 diet]
649 3699 756 3751 mensis
774 3698 949 3754 Decembris.
969 3697 1041 3748 hora
1058 3696 1166 3746 decima
1186 3693 1251 3745 ante

21 3783 177 3835 meridiem
195 3795 245 3834 seu
261 3781 382 3842 eocirea,
401 3794 497 3833 coram
514 3782 596 3832 nobis
612 3780 729 3833 Nicolao
742 3780 859 3846 Coppyn
873 3781 908 3831 de
920 3779 1070 3836 Montibus.
1082 3776 1252 3841 inquisitore

20 3867 151 3933 pretato,
168 3876 279 3930 neenon
302 3863 456 3928 venerabil]
476 3863 537 3914 viro
558 3863 672 3915 domino
694 3866 724 3915 et
743 3864 880 3929 magistro
901 3861 1028 3915 Gererdo
1049 3859 1084 3912 de
1101 3859 1252 3924 timerem,

21 3944 530 4012 offleieleeodiensj‚1nBranantia
547 3945 700 4007 residente,
717 3945 745 3995 in
763 3944 909 4009 presentia
919 3942 1029 4008 proridj
1050 3940 1103 4005 virj
1121 3939 1250 4005 magistri

18 4029 176 4093 Wilheimj
190 4028 226 4080 de
237 4026 402 4088 Caverteon,
414 4027 518 4091 noterij
532 4041 618 4092 supre
629 4029 658 4080 et
669 4027 871 4094 intrasignat1‚
885 4025 1105 4090 comparuerunt
1115 4021 1254 4090 magister

15 4113 177 4169 Iohannes
194 4109 336 4175 namnet.
356 4111 504 4176 promotor
523 4123 574 4162 seu
589 4111 757 4175 procuretur
776 4110 849 4173 fisci,
871 4120 962 4171 eoque
982 4106 1096 4159 nomine
1115 4116 1204 4172 agens
1223 4103 1253 4156 iu

15 4199 77 4253 inec
94 4208 196 4257 eausa.
214 4195 244 4247 et
258 4193 389 4245 domiuus
406 4192 540 4244 Nicoleus
557 4192 673 4257 chrietj,
690 4205 757 4245 reus
770 4191 922 4255 inquisitus
939 4191 969 4242 in
981 4190 1080 4242 eedem
1097 4200 1191 4248 eausa,
1203 4186 1251 4253 qui

47 4516 91 4586 (i)
111 4511 167 4565 nit
187 4508 333 4580 gebearde
349 4507 434 4562 reeds
446 4520 487 4576 op
506 4505 537 4557 15
554 4505 623 4562 iuni
641 4505 714 4561 1526.
