3224 5400
634 801 730 872 Ι106.

118 1048 225 1122 1528,
254 1041 334 1108 Juti
362 1049 418 1120 11,
447 1040 622 1109 Deernik.
653 1045 883 1132 Vererdening
910 1067 974 1114 ven
1006 1047 1068 1114 den
1098 1048 1295 1136 Megistrsst

63 1167 145 1215 ever
182 1148 223 1215 de
262 1147 426 1234 epenbsrs
452 1146 669 1235 ¹entwijding
685 1168 750 1214 vsn
784 1148 847 1215 den
879 1147 1092 1218 kettersehsn
1124 1152 1293 1241 sugestijn

65 1249 215 1317 Hendrik
231 1270 295 1317 vsn
315 1249 512 1328 Westfslen,
532 1250 585 1317 die
601 1251 665 1318 den
680 1251 868 1336 volgendsn
886 1250 1051 1338 Mesndsg
1067 1273 1108 1339 ep
1125 1254 1165 1321 de
1182 1255 1294 1324 Merkt

61 1352 115 1419 zsl
143 1352 251 1439 plests
278 1351 420 1422 hebben.
445 1388 487 1402 -
511 1353 557 1419 De
584 1351 796 1420 ambteneers
824 1374 888 1420 van
915 1354 979 1420 den
1007 1353 1159 1442 bissehep
1186 1378 1228 1424 en
1254 1358 1296 1425 de

61 1454 246 1542 penselijlre
267 1455 481 1541 inquisitores
504 1455 618 1522 zellen
642 1476 683 1541 ep
707 1455 781 1522 dien
805 1456 882 1541 dag,
901 1456 1060 1523 tussehen
1078 1458 1099 1524 6
1114 1478 1156 1525 en
1172 1461 1192 1524 7
1210 1480 1294 1528 uren

61 1554 89 1623 's
115 1576 281 1642 mergens,
307 1559 340 1624 in
369 1558 428 1626 het
450 1558 624 1646 geestelijk
651 1556 712 1623 hes
735 1558 795 1626 het
818 1558 936 1625 veneis
959 1565 1058 1646 teger
1084 1560 1159 1627 dien
1184 1561 1295 1630 ketter

63 1658 272 1744 nitsprsken,
290 1679 332 1726 en
349 1661 473 1727 dssrna
499 1661 548 1728 nst
574 1681 647 1727 men
671 1680 713 1746 ep
735 1661 776 1727 de
801 1659 913 1729 Msrkt
929 1666 980 1729 tet
995 1663 1082 1749 zijne
1098 1663 1295 1752 entwijding

64 1781 107 1828 en
131 1767 183 1829 tet
205 1782 265 1830 sen
290 1761 456 1848 epenbesr
476 1783 626 1830 sermeen
651 1783 830 1849 evergssn.
856 1764 893 1832 In
919 1764 981 1831 den
1006 1765 1220 1852 veermiddsg
1242 1767 1293 1834 nel

62 1864 98 1932 in
128 1863 170 1930 de
208 1865 282 1932 stsd
321 1865 361 1931 de
398 1864 511 1932 arbeid
549 1866 705 1951 gestsekt
740 1866 877 1932 worden
909 1886 962 1932 em
997 1866 1150 1934 iedsrsen
1181 1867 1216 1935 in
1251 1868 1292 1936 de

62 1966 281 2052 gelegenheid
303 1971 339 2033 te
363 1969 481 2035 stellen
506 1968 584 2035 dese
612 1968 834 2055 plechtigheid
858 1969 901 2058 bij
920 1975 952 2037 te
971 1989 1104 2038 wenen.
1122 1971 1291 2057 Degenen,

65 2069 119 2136 die
136 2069 209 2136 nieh
225 2089 266 2155 ep
282 2070 341 2136 het
357 2070 494 2139 sehsvet
511 2069 547 2137 ef
559 2091 600 2157 ep
617 2072 657 2137 de
672 2070 946 2139 veerbehendens
960 2072 1156 2159 zitplsstsen
1168 2073 1294 2141 eeuden

62 2175 252 2258 postsersn,
270 2173 379 2241 zellen
399 2179 514 2260 streng
530 2173 672 2260 gestrsft
688 2174 836 2242 worden.

88 2361 145 2436 ¹Du
166 2363 284 2425 mmeds',
309 2365 353 2432 η’·
367 2365 439 2431 jour
461 2363 496 2417 de
507 2363 604 2431 jullet,
626 2362 684 2417 len
703 2363 756 2416 mil
775 2366 865 2432 eincqe
890 2371 915 2418 et
938 2363 1039 2431 orentii.
1064 2363 1107 2418 On
1130 2379 1201 2418 vens
1223 2366 1294 2418 tsict

62 2445 196 2498 sssseoir
212 2459 267 2511 que
279 2445 322 2498 les
334 2446 458 2497 efficiens
476 2447 510 2498 de
528 2447 671 2498 reuerend
687 2448 758 2512 pere
775 2460 810 2498 en
829 2447 901 2499 Dieu
920 2448 1126 2513 menseigneur
1142 2433 1295 2512 leuesque

61 2527 100 2578 de
118 2529 196 2580 ceste
213 2526 280 2579 ville
298 2529 327 2580 et
344 2528 400 2579 cite
418 2529 447 2580 et
463 2527 505 2579 les
524 2528 709 2591 inquisiteurs
727 2528 762 2579 de
781 2530 877 2580 nostre
894 2528 943 2593 toy
966 2527 1145 2592 catholicque
1158 2527 1295 2595 deleghez

60 2622 117 2675 par
129 2611 227 2660 nostre
238 2610 313 2661 saint
324 2612 394 2674 pere
406 2609 433 2661 le
445 2610 523 2674 Pape
536 2611 587 2660 ent
598 2610 739 2661 intention
757 2610 792 2661 de
810 2608 890 2661 tundi
907 2609 1163 2674 prochainnement
1179 2612 1294 2675 renent,

61 2692 149 2742 entre
160 2691 205 2743 six
218 2693 248 2743 et
258 2693 323 2755 sept
333 2691 438 2743 heures
451 2692 487 2742 du
499 2693 599 2750 matie,
613 2705 649 2743 en
662 2691 691 2743 ls
702 2693 784 2742 court
800 2690 978 2755 sspirituelle
991 2692 1026 2745 de
1037 2693 1147 2743 mendit
1158 2693 1295 2759 seigneur

63 2756 221 2837 letumque
240 2786 276 2825 en
296 2774 374 2825 ceste
393 2774 468 2824 dicte
487 2773 564 2834 ville,
585 2773 780 2837 prenunehier
800 2772 864 2825 leur
886 2776 1022 2825 sentence
1044 2772 1235 2825 sl'eneentre
1259 2774 1294 2825 de

61 2853 265 2919 neronem
288 2856 324 2907 de
348 2854 536 2919 westphalia,
562 2854 633 2906 alise
660 2854 797 2920 Henriey,
827 2855 900 2906 nstit
927 2856 963 2907 de
991 2854 1104 2918 Gleues,
1132 2855 1296 2920 prisennier

61 2935 170 2988 detenu
192 2949 229 2988 en
252 2935 352 2988 leditte
376 2939 459 2988 eeurt
481 2935 659 3001 espirituelle
687 2950 761 3000 pour
784 2936 897 2988 heresie
926 2940 956 2988 et
982 2936 1126 3002 pluiseurs
1154 2937 1238 3001 peins
1266 2938 1296 2988 st

60 3015 180 3070 articles
196 3020 296 3070 eentre
314 3019 415 3087 nostre,
429 3019 478 3082 roy
498 3018 677 3082 catholieque
696 3021 725 3069 et
742 3017 925 3082 ehretienne5
948 3020 978 3069 et
1000 3019 1187 3082 prestement,
1205 3017 1295 3070 lsdite

61 3100 200 3152 sentenee
219 3100 407 3163 prenunehie,
428 3100 501 3152 taire
522 3113 639 3152 smener
658 3101 737 3151 frere
758 3098 857 3163 Henry
877 3113 913 3150 eu
935 3100 1024 3150 Grant
1044 3099 1172 3150 Marchie
1190 3098 1294 3151 dieelle

62 3179 144 3242 ville,
164 3181 195 3247 et
214 3180 311 3246 illeeq,
334 3194 370 3232 en
389 3183 529 3246 ensuyent
547 3181 574 3233 le
593 3183 717 3232 centenu
737 3181 773 3232 de
791 3179 894 3232 lsdiete
915 3183 1060 3242 sentence,
1080 3181 1154 3232 taire
1172 3181 1246 3232 tsine
1267 3179 1296 3232 la

65 3262 255 3329 degrsdetien
273 3263 309 3314 de
326 3262 355 3313 le
370 3276 513 3328 personne
530 3264 608 3314 trere
626 3262 725 3326 Henry
744 3262 843 3314 dessus
861 3262 928 3324 dict,
947 3263 985 3323 et,
1004 3263 1022 3313 n
1038 3276 1071 3314 ce
1088 3275 1203 3327 propes,
1220 3261 1295 3314 tsine

63 3342 93 3396 la
102 3344 283 3409 prediestien
296 3345 326 3397 et
339 3344 446 3397 sultres
464 3345 616 3396 debueires
629 3347 658 3396 et
669 3343 854 3408 solempniter
871 3345 932 3395 see
944 3345 1144 3409 sppertennns.

96 3425 138 3491 sy
149 3425 304 3479 exhortent
320 3429 349 3478 et
366 3427 534 3491 enjoindent
551 3426 763 3491 messelgneurs
780 3427 914 3489 preneste
931 3427 961 3476 et
975 3425 1056 3490 jures
1072 3425 1107 3476 de
1124 3425 1202 3477 ceste
1219 3425 1295 3476 dicte

65 3506 135 3561 ville
152 3508 170 3560 t
187 3508 252 3559 teus
269 3507 347 3560 leurs
366 3521 484 3560 manans
502 3510 531 3561 et
548 3508 683 3572 subjecte,
697 3508 732 3559 de
750 3506 817 3559 eulx
834 3507 970 3567 abstenir,
983 3505 1055 3558 ledit
1070 3507 1137 3571 jour
1154 3507 1189 3558 de
1206 3505 1294 3570 lundy

65 3590 174 3643 deuant
190 3589 297 3649 disner,
316 3591 351 3642 ds
369 3593 448 3642 toute
467 3603 565 3641 oeuure
577 3588 736 3653 msnuelle;
756 3592 785 3641 et
797 3603 881 3654 eussy
894 3589 961 3641 eulx
978 3591 1008 3641 et
1025 3587 1140 3653 sultres,
1153 3588 1201 3652 qu}
1214 3588 1296 3639 venir

65 3670 228 3730 vouldrent,
246 3671 321 3736 quilz
338 3673 473 3724 viennent
490 3672 561 3723 ledit
576 3673 643 3736 jour
655 3685 708 3736 eyr
719 3675 750 3723 et
760 3672 840 3723 veeir
851 3670 939 3722 lsdite
951 3671 1095 3729 sentence,
1107 3669 1295 3735 prediesfion,

64 3753 255 3820 degredstion
273 3755 302 3805 et
319 3754 426 3806 sultres
444 3754 577 3806 deueires
598 3756 628 3806 et
644 3753 839 3820 solempniter,
858 3753 941 3818 quiy
962 3754 1061 3805 serent
1079 3752 1191 3815 tsietes,
1209 3751 1295 3815 quiy

63 3835 165 3888 serent
175 3835 306 3900 exemplo
320 3836 355 3888 de
367 3837 431 3887 teus
444 3835 561 3887 sultres.

92 3916 127 3969 Si
147 3917 349 3975 commendent
368 3919 398 3968 et
418 3917 585 3981 enJ‘eindent
605 3917 710 3969 mesdis
727 3917 879 3984 seigneurs
896 3916 1029 3982 preneste
1047 3916 1078 3967 et
1092 3915 1172 3980 jures
1192 3914 1210 3966 t
1229 3913 1294 3965 tens

61 3996 142 4053 leurs
164 4011 284 4051 manans
308 4002 338 4051 et
360 3999 496 4063 subJeets,
520 4001 638 4050 reserue
658 3998 700 4051 les
720 4012 840 4064 sergsns
858 3998 1039 4051 bsstenniers
1058 3998 1089 4049 et
1106 3994 1223 4055 sultrss,
1245 3995 1296 4059 qui

59 4092 78 4143 y
91 4081 196 4134 serent
207 4081 335 4142 commis,
349 4081 396 4145 quj
410 4080 595 4146 approchent,
614 4094 651 4133 ne
668 4080 804 4133 viennent
820 4082 887 4146 pres
900 4081 937 4133 dn
949 4079 1046 4142 heurt,
1058 4079 1108 4143 qui
1119 4093 1137 4143 y
1149 4091 1214 4131 sess
1229 4077 1295 4136 mis,

58 4173 97 4216 ne
115 4162 161 4216 les
178 4162 249 4214 bens
266 4164 296 4214 et
312 4162 421 4214 aultres
438 4163 555 4228 psrties,
568 4162 616 4226 qui
635 4176 652 4227 y
670 4164 769 4214 serent
780 4162 877 4221 mines,
891 4175 941 4214 sur
957 4161 1043 4226 paine
1059 4159 1171 4225 [d’estre
1182 4159 1295 4226 pugnis}

53 4256 174 4298 comme
184 4243 310 4298 rebelles
322 4247 352 4297 et
364 4245 562 4297 desebeisssns
576 4244 717 4308 sjustioe,
730 4243 909 4309 sl'exemple
922 4243 1067 4295 d’sultres.

328 4393 523 4446 Stsdssrchiet
535 4393 564 4446 te
576 4392 716 4451 Deernik,
729 4391 797 4456 Res.
809 4407 870 4444 aue
882 4390 1079 4444 Publiceeiens
1091 4390 1242 4440 1519-1529.

1211 4648 1245 4701 22
