3224 5400
579 115 683 169 ANNO
702 113 767 167 1526
1241 114 1291 166 let

76 278 119 333 In
132 279 303 332 huiussnni
319 278 465 346 [11166666Ι
482 279 567 345 xxvii]
588 281 671 333 initio
688 294 744 332 non
762 280 874 333 modica
890 281 1013 333 fratrum
1031 295 1063 333 ac
1082 282 1169 333 totius
1185 282 1289 333 domus

37 361 175 414 nostm
187 362 244 413 luit
254 362 395 427 turbatio;
409 375 474 413 nam
486 364 591 414 iratres
609 363 736 415 iuniores
752 377 841 414 novae
860 363 1017 422 doctrinae,
1036 363 1097 414 scil.
1115 364 1288 427 Luteranae,

39 443 176 508 seriptis
193 444 238 506 (ut
255 444 430 508 prsetertur)
450 443 633 495 inhaerentes
653 459 686 495 ac
703 445 862 504 credentes,
886 444 1008 509 amplius
1028 445 1108 496 iuxta
1127 446 1288 497 institutum

41 524 207 577 mulorum
228 527 392 577 nostrorum
415 539 449 576 ae
471 528 584 590 patrum
607 526 680 586 radi,
706 529 737 577 ut
756 541 817 577 mos
843 529 963 578 eatenus
989 529 1093 586 tuerat,
1121 540 1154 578 ac
1176 527 1289 578 tonderi

40 608 177 660 omnino
197 609 356 660 renuebant
376 609 406 659 et
426 607 614 673 denegabant.
638 608 695 659 Sub
716 610 867 672 praetextu
887 609 981 660 autem
999 608 1175 659 infirmitatis
1193 609 1289 660 huius-

40 691 135 743 modi
148 691 351 743 inconsuetum
363 702 474 741 morem
485 690 714 754 praesumebant.
729 691 868 753 Denique,
882 703 947 740 cum
958 690 1144 754 pertinaciter
1162 689 1243 742 valde
1256 704 1289 741 ac

28 772 244 827 -eontederste
266 770 334 822 huie
357 773 539 836 praesumpto
563 771 710 836 proposito
731 772 916 822 inhaererent
934 773 1018 834 atque
1041 771 1208 823 insisterent
1224 784 1289 836 per·

40 855 293 917 ”vernantque
305 851 426 903 multum
439 853 557 903 nimium
577 855 636 903 tota
654 853 754 903 domus
773 854 882 918 agitata
899 854 943 904 est
960 855 989 903 et
1006 853 1183 903 conturbata.
1196 853 1289 917 Igitur

38 949 118 989 eum
137 936 198 987 iam
215 934 381 999 aliquandiu
398 934 504 986 iratres
521 935 616 985 animo
634 935 803 992 haesissent,
823 934 892 996 quid
913 935 1076 985 iaciendum
1098 935 1184 997 esset,
1203 935 1288 997 atque

40 1017 134 1070 inter
145 1030 181 1068 se
193 1031 249 1068 non
261 1029 363 1081 parum
375 1016 571 1074 dissentirent,
585 1017 700 1066 tandem
719 1017 753 1066 ad
771 1016 826 1066 hoc
843 1016 966 1067 deducta
981 1029 1029 1066 res
1049 1016 1102 1073 est,
1115 1017 1147 1066 ut
1158 1014 1220 1066 scil.
1233 1016 1289 1066 ista

40 1112 113 1153 una
125 1099 191 1150 viee
202 1099 374 1150 raderentur
385 1111 472 1162 super
484 1098 634 1163 pectinem,
648 1098 683 1148 de
695 1098 791 1148 cetero
805 1097 901 1148 autem
913 1098 1042 1149 lacerent
1053 1098 1133 1148 iuxta
1142 1098 1288 1149 decretum

40 1182 78 1235 et
99 1179 263 1232 eonsilium
281 1181 395 1243 patrum
416 1179 444 1229 in
469 1178 622 1242 colloquio,
644 1179 746 1241 quibus
767 1192 853 1229 causa
873 1178 1039 1229 diffinienda
1056 1193 1089 1229 ac
1109 1177 1289 1230 decernenda

40 1261 218 1314 deserenda
238 1262 322 1312 esset.
345 1260 400 1311 Sed
419 1274 483 1311 cum
502 1260 700 1310 huiuscemodi
719 1260 866 1324 negotium
888 1261 923 1310 ad
939 1262 1052 1324 patrum
1071 1260 1207 1311 iudicium
1224 1273 1288 1324 per·

39 1343 146 1396 latum
160 1344 248 1403 esset,
260 1343 375 1392 omnino
388 1343 549 1393 dissuasere
567 1344 596 1393 et
613 1342 643 1392 in
660 1342 836 1392 eontrarium
854 1342 1016 1399 decrevere,
1030 1355 1207 1405 nequaquam
1220 1339 1290 1392 talia

40 1425 116 1479 neil-
142 1424 258 1477 admitti
286 1423 401 1483 debere,
429 1410 464 1475 eb
495 1425 683 1488 quodcunque
712 1424 798 1475 etiam
827 1424 1019 1488 dispendium,
1043 1437 1152 1475 morem
1176 1424 1288 1474 mutare

40 1507 218 1571 antiquum.

322 1637 510 1689 Handschriit
522 1638 594 1688 door
611 1637 656 1688 W.
678 1637 747 1688 Moll
765 1638 972 1704 medegcdeeld
984 1638 1014 1689 in
1027 1637 1047 1688 ’t
1057 1635 1289 1690 Kerkltistortsch

353 1718 476 1784 Archias,
490 1718 553 1771 deel
566 1719 618 1782 111,
631 1718 684 1770 blz.
700 1719 755 1770 112.

618 1956 709 2024 554.

106 2184 219 2255 1526,
256 2175 451 2264 noesturp.
489 2180 742 2266 Aanteelsening
759 2179 808 2247 uit
823 2180 863 2246 de
879 2179 1098 2269 gelijktijdige
1124 2178 1287 2247 klooster·

53 2283 190 2374 kronijk
210 2304 272 2350 run
289 2285 348 2351 het
362 2284 558 2351 Fraterhuis
581 2289 615 2350 te
641 2282 808 2367 Doesburg
832 2301 912 2348 over
928 2282 967 2348 de
984 2281 1118 2369 ketterij
1136 2286 1170 2348 te
1186 2284 1287 2350 Dees-

54 2387 152 2473 burg.
171 2427 213 2441 -
230 2384 453 2454 Verseheiden
471 2385 609 2452 novieen
628 2385 760 2451 werden
786 2384 833 2451 uit
858 2384 915 2451 het
931 2384 1079 2452 klooster
1096 2383 1283 2470 gebennen.

53 2489 211 2557 huden-en
239 2489 425 2556 vluehtten.
452 2488 600 2574 Eenigen
628 2486 762 2552 werden
789 2490 823 2552 te
850 2487 1010 2566 Arnhem,
1034 2507 1074 2572 op
1098 2485 1191 2554 berei
1219 2507 1284 2555 van

55 2591 176 2678 haring
192 2590 295 2659 Karel
313 2611 376 2658 van
393 2590 604 2667 Gelderland,
624 2610 797 2675 gorangon
816 2609 856 2655 en
874 2589 1028 2674 gastrait.

88 2726 223 2779 Nondum
242 2725 298 2778 hnc
318 2739 392 2777 anno
413 2728 465 2790 [111ο
485 2734 649 2776 16666011ο
669 2725 720 2788 vj0]
735 2737 820 2775 saeva
836 2724 936 2783 hestia,
955 2725 1097 2781 Luterana
1114 2724 1177 2775 scil.
1195 2726 1284 2785 secta,

55 2809 180 2874 quiescit
182 2844 235 2859 .....
252 2807 317 2873 Ipse
336 2808 403 2858 novi
420 2808 477 2858 iam
495 2809 524 2858 in
543 2821 617 2858 anno
630 2807 781 2871 praesente
794 2820 895 2857 novem
907 2806 1060 2871 religiosos
1072 2808 1107 2858 ad
1119 2808 1223 2868 minus,
1236 2807 1285 2870 qui

54 2891 85 2942 in
96 2889 266 2942 Dnesboreh
279 2891 421 2954 quondam
433 2888 526 2940 scolas
536 2891 722 2954 ¹frequentare
740 2888 880 2946 solebant,
895 2889 943 2953 qui
955 2889 1083 2957 suisium
1095 2902 1131 2940 ex
1142 2891 1283 2940 monaste·

53 2974 107 3024 riis
123 2971 201 3037 pulsi
218 2974 294 3033 sunt,
312 2973 342 3023 et
362 2970 434 3022 alios
452 2971 551 3036 plures
568 2971 634 3021 novi
652 2972 688 3022 de
706 2970 883 3030 Doesborch,
903 2971 951 3034 qui
969 2971 1069 3022 itidem
1085 2970 1151 3035 ipsi,
1170 2970 1284 3022 nemine
1319 2991 1321 2996 ·

54 3053 227 3119 repellente,
251 3055 361 3119 lugere.
387 3053 443 3105 Sed
467 3053 543 3116 quod
563 3053 655 3118 magis
678 3051 841 3113 dolendum,
863 3066 920 3102 non
943 3052 1038 3103 minus
1058 3052 1129 3103 haee
1147 3066 1165 3103 a
1187 3051 1284 3103 multis

54 3134 213 3187 laudantur
224 3148 308 3199 quam
320 3135 437 3199 impune
450 3135 683 3200 etiamaguntur.

87 3219 154 3270 Dux
166 3215 292 3269 Karolus
303 3216 388 3268 etiam
402 3215 555 3267 nonnullos
567 3216 652 3267 huius
664 3216 754 3280 partis
765 3217 795 3267 in
807 3216 935 3268 Anubem
947 3217 1010 3280 capi
1022 3217 1092 3269 tecit
1103 3217 1133 3269 et
1143 3216 1249 3282 puniri.

320 3346 508 3398 Handschriit
526 3348 596 3398 door
608 3347 653 3395 W.
673 3346 742 3398 Moll
760 3346 966 3414 medegedeeld
984 3347 1011 3398 in
1026 3347 1045 3398 't
1058 3343 1284 3400 Kerkhtstorisch

356 3426 479 3496 Arcties,
494 3428 557 3480 deel
570 3428 621 3487 III,
633 3429 686 3480 blz.
701 3428 758 3479 113.

623 3667 713 3734 555.

107 3897 214 3967 1526,
241 3892 269 3954 ’s
295 3887 542 3976 Gravenhape.
573 3893 770 3960 Uittreksels
788 3895 836 3961 uit
852 3894 892 3960 de
910 3895 1112 3980 rekeningen
1136 3916 1200 3962 van
1223 3897 1281 3964 het

50 3995 125 4063 Hos
139 4016 203 4063 van
221 3993 362 4061 Helland
380 4015 459 4060 over
475 3996 532 4062 het
549 3995 698 4062 betaalde
721 4017 783 4062 asu
808 3997 848 4063 de
870 3999 992 4063 heeren
1011 4018 1074 4063 van
1091 3998 1153 4064 den
1172 4000 1276 4079 Raad,

49 4101 118 4167 den
154 4116 333 4183 procureur
364 4098 532 4183 generaal,
567 4097 830 4180 deurwaarders,
872 4100 989 4179 boden,
1026 4101 1156 4186 cipiers,
1188 4122 1277 4182 enz.,
