3224 5400
208 439 258 493 rao
288 398 290 402 ⁸
653 469 658 478 -
728 438 916 495 annorum

205 605 257 671 qul
271 603 489 671 septuagesima
506 603 622 663 dicitur,
640 617 716 656 nunc
733 617 823 667 usque
840 602 946 656 smine
963 604 1106 663 teruntur,
1119 605 1155 656 de
1166 604 1270 667 quibus
1287 606 1350 656 tota
1365 603 1435 657 baec

202 686 286 752 regio
306 686 380 738 mira
399 686 538 749 quaedam
559 684 714 743 fabulatur,
735 685 811 737 baud
830 684 882 736 illa
902 685 1016 748 quidem
1041 686 1111 736 satis
1132 686 1186 737 sibi
1209 699 1346 746 consona,
1364 686 1434 737 mibi

201 768 363 832 perscribas
376 769 426 819 ant
436 767 576 832 perscribi
588 768 687 819 iacias.
706 767 781 818 Mira
790 769 921 832 proiecto
933 780 990 826 res,
1003 769 1033 819 et
1045 768 1090 819 his
1102 768 1280 833 temporibus
1295 770 1435 821 maiorem

200 850 232 901 in
250 850 366 901 modum
383 850 576 908 accommoda,
595 863 681 913 quum
699 848 829 900 nonnulli
847 850 995 902 dnmuatos
1012 849 1109 902 multis
1127 852 1206 902 retro
1224 852 1308 903 annis
1320 865 1434 904 errores

202 931 329 982 excitare
343 932 501 982 conantur:
514 932 544 981 in
556 931 739 983 Eucharistia
756 945 813 982 non
830 932 875 983 est
891 930 1037 983 christum
1055 932 1110 983 nisi
1128 933 1158 983 in
1175 934 1270 999 signo·
1283 935 1349 986 Non
1361 946 1434 998 queo

201 1012 273 1064 satis
284 1013 421 1064 admirari
433 1013 581 1065 hominnm
592 1014 810 1078 impudentiam,
823 1013 882 1076 qui,
895 1027 981 1076 quum
994 1013 1100 1077 ubique
1113 1015 1198 1065 fldem
1211 1014 1365 1080 extollant,
1377 1015 1433 1078 hic,

202 1093 252 1145 ubl
269 1095 393 1145 maxime
411 1095 575 1147 necessaria
592 1096 645 1152 est.
665 1093 800 1160 ablegare
819 1109 876 1146 non
893 1096 1056 1154 vereantur,
1070 1109 1157 1158 quum
1170 1095 1326 1148 babeamus
1340 1097 1432 1161 ipsum

201 1175 347 1227 christum
365 1188 501 1240 expresse
520 1176 680 1227 dicentem:
700 1195 713 1218 u
727 1176 869 1240 Accipite,
887 1176 944 1228 hoc
962 1176 1007 1228 est
1023 1189 1127 1241 corpus
1143 1191 1240 1229 meum
1254 1201 1279 1227 ·.
1292 1177 1433 1241 Equidem

199 1270 266 1308 cum
283 1257 403 1309 Erasmo
421 1257 519 1308 malim
537 1257 660 1321 discerpi
678 1257 859 1308 membratim
879 1269 966 1320 quam
982 1259 1015 1309 nt
1031 1257 1086 1309 boc
1103 1258 1206 1317 istear.
1219 1273 1275 1322 quo
1293 1259 1429 1320 admisso,

201 1339 237 1391 de
249 1337 409 1389 christiana
419 1337 563 1403 religione
580 1339 674 1389 ectum
686 1338 779 1389 videri
791 1338 908 1402 poterit.
922 1336 1005 1390 Tolle
1017 1337 1091 1390 hunc
1103 1338 1199 1398 fidem,
1215 1353 1273 1403 qua
1288 1341 1432 1392 credimus

182 1420 293 1472 -totum
307 1418 453 1470 Christum
465 1419 549 1471 deum
567 1419 597 1471 et
613 1418 757 1470 bominem
775 1432 839 1471 esse
857 1419 1004 1471 nobiscum
1021 1420 1090 1472 ‘vere
1106 1421 1136 1471 in
1154 1423 1346 1480 sacramento,
1364 1421 1432 1486 quid

198 1500 373 1564 relinquerit
394 1501 438 1553 rei
461 1500 648 1552 christianael
668 1501 771 1553 Nonne
791 1500 879 1552 verba
897 1500 949 1552 illa
968 1501 1075 1553 Christi
1095 1501 1295 1554 efficacissima
1314 1503 1430 1563 dicturi,

198 1583 267 1635 ante
289 1595 441 1646 precamur
464 1581 591 1640 Patrem,
615 1583 648 1633 ut
671 1582 753 1633 nobis
781 1596 885 1647 corpus
908 1584 939 1634 et
962 1583 1080 1649 sanguis
1103 1582 1171 1635 Filii
1194 1585 1238 1635 sui
1262 1584 1323 1642 flat,
1348 1597 1430 1648 quur,
1509 1617 1513 1627 ·

199 1664 319 1716 obsecro
337 1664 377 1728 te,
395 1676 559 1728 precamur,
570 1664 595 1715 si
613 1664 677 1715 fleri
694 1665 744 1715 aut
760 1677 845 1728 posse
863 1665 912 1715 ant
924 1663 1019 1716 solere
1039 1678 1095 1715 non
1109 1665 1270 1717 credimusl
1282 1666 1368 1717 certe
1380 1665 1431 1716 boc

198 1744 369 1798 saltatorum
391 1744 564 1797 miraculum
588 1748 638 1797 aut
660 1743 832 1809 supplicium
855 1746 961 1810 potius,
985 1746 1060 1809 quod
1084 1746 1120 1797 ob
1149 1746 1234 1797 buius
1258 1747 1430 1799 sacramenti

198 1826 287 1892 (quod
299 1827 342 1879 eis
354 1825 525 1878 saltantibus
538 1827 671 1878 sacerdos
683 1828 718 1877 ad
732 1829 881 1891 aegrotum
898 1827 974 1879 iorte
985 1827 1107 1892 terebat)
1120 1827 1281 1894 neglectam
1298 1839 1429 1880 reveren·

199 1909 270 1960 tiam
292 1908 352 1973 pati
376 1908 520 1969 dicuntur,
544 1908 668 1959 maxime
692 1908 777 1959 fldem
800 1911 926 1960 nostram
954 1908 1089 1960 firmabit.
1119 1910 1213 1972 Atque
1243 1909 1330 1961 buius
1359 1910 1427 1961 adeo

200 1990 351 2044 damnatae
370 1991 514 2056 opinionis
531 1991 707 2042 instaurator
719 1990 764 2042 est
780 1988 816 2057 (si
833 1989 947 2041 christo
963 1989 1068 2057 placet)
1082 1990 1330 2055 oecolampadius,
1344 1990 1428 2042 bomo

200 2085 253 2125 nec
274 2073 426 2124 admodum
447 2073 557 2131 doctus,
580 2073 696 2138 praeter
719 2071 885 2123 nonnullam
908 2071 1072 2138 linguarum
1094 2073 1237 2137 peritiam,
1259 2085 1313 2125 nec
1335 2072 1427 2124 solido

200 2153 271 2206 satis
283 2154 399 2206 iudicio.

464 2282 648 2336 Bibliotheelr
670 2286 698 2335 te
718 2283 874 2349 Besancom
896 2281 948 2334 Hs.
967 2282 1068 2336 moini
1084 2283 1230 2336 Ammonis·
1243 2282 1431 2339 sanabant

498 2364 649 2432 Epistoloc,
671 2364 726 2416 blz.
748 2365 864 2415 lli-ld&
878 2391 911 2402 -
923 2363 998 2415 Over
1018 2366 1072 2416 den
1085 2365 1248 2417 Gentenaar
1264 2367 1431 2418 Ammonius

498 2444 615 2511 (Lieven
627 2447 687 2498 Van
706 2448 758 2498 der
775 2444 888 2512 blande)
906 2447 949 2497 sie
966 2445 1017 2498 het
1034 2446 1138 2498 artiuel
1150 2460 1205 2499 van
1224 2447 1257 2498 P.
1271 2447 1430 2514 Bergmans

495 2527 525 2577 in
538 2527 573 2578 de
585 2526 759 2596 Bioqrapbie
770 2526 924 2591 nationale,
937 2527 1000 2579 (leel
1015 2527 1092 2589 XIV,
1105 2527 1159 2578 blz.
1172 2527 1260 2578 8486.

764 2763 858 2834 574.

254 2999 362 3074 1527,
383 2993 511 3062 Macri
531 3000 587 3073 14,
611 2993 782 3062 Hollcad.
807 2997 992 3084 Herbsling
1015 3019 1080 3065 van
1100 2999 1158 3067 het
1179 2999 1338 3086 plalrkaat
1362 3021 1425 3069 van

198 3101 244 3169 24
258 3098 451 3187 September
468 3100 557 3169 1525
572 3104 670 3186 tegen
688 3099 728 3166 do
744 3098 956 3168 Lutheranon
974 3101 1007 3166 in
1024 3101 1165 3169 Hollsnd
1189 3101 1423 3192 afgskondigd.

581 3281 722 3338 croccae
737 3299 794 3338 san
810 3281 846 3337 ds
864 3281 1041 3338 Luibeticne.

766 3381 858 3451 Copia.

230 3509 347 3573 Kaerle,
365 3524 417 3565 ens
421 3537 1424 3564 .....................................

230 3626 365 3692 Gegeven
385 3627 472 3691 opten
488 3625 578 3690 xillj·n
598 3624 671 3676 dacb
687 3624 717 3675 iu
735 3623 844 3676 lieerte
866 3637 941 3677 anno
962 3633 1010 3676 xm
1032 3626 1105 3678 ende
1125 3639 1171 3677 ses
1191 3626 1264 3678 ende
1283 3625 1424 3687 twinticb‚

196 3721 250 3761 nae
267 3709 382 3761 scriven
400 3706 505 3760 slloeis
523 3705 733 3770 van-Idolum&
748 3720 853 3764 soors..
871 3706 944 3758 ende
960 3719 1015 3758 van
1032 3721 1121 3758 onsen
1133 3706 1254 3772 rlJcken,
1271 3708 1300 3759 te
1312 3708 1425 3759 wetene

194 3790 307 3842 sanden
321 3788 516 3846 Roemschen,
528 3790 584 3840 etc.
597 3788 679 3852 tvilj‘,
692 3788 765 3839 ende
776 3800 830 3838 van
841 3787 877 3839 de
889 3786 1050 3852 Spaensche
1062 3789 1135 3840 ende
1147 3789 1254 3840 andere
1265 3790 1318 3839 ἐν.

227 3869 320 3923 Aldus
343 3868 578 3937 ondarycscrcocn
603 3884 612 3922 :
640 3869 740 3935 Bydeu
769 3868 882 3934 Kayser
910 3870 955 3921 ter
976 3868 1083 3921 relacio
1105 3871 1215 3921 vanden
1238 3868 1425 3932 stsdbouder‚

193 3953 345 4020 president
356 3952 430 4004 ende
440 3951 533 4004 Ralde
544 3964 598 4003 van
610 3950 738 4003 Hollant.

229 4031 463 4089 endomctent:
474 4033 509 4086 Δ.
523 4032 668 4085 Sandelin.
1078 4070 1083 4079 .

229 4114 475 4170 decollationeert
487 4117 588 4183 tegens
601 4111 783 4180 tprincipsel,
796 4114 962 4166 accordeert
972 4114 1010 4179 bij
1023 4116 1082 4179 mli,

1227 4213 1354 4267 Marsas.

461 4342 660 4410 lelssarchiet
680 4343 708 4394 te
727 4341 750 4394 ‘s
770 4341 966 4410 Gravenbagc‚
989 4342 1079 4397 Derda
1097 4343 1346 4398 Memoriaclboecls
1366 4362 1426 4400 can

492 4422 639 4487 Sondeltn,
651 4423 703 4476 iol.
717 4423 774 4476 1⁵4.
786 4451 820 4464 -
830 4425 879 4478 zie
890 4425 1056 4484 nimbosas,
1067 4424 1122 4477 bla.
1136 4427 1187 4478 1-5.
