3224 5400
707 490 811 545 ANNO
830 491 895 545 1526
1070 503 1072 506 '
1365 494 1410 544 141

179 650 335 704 tachauodt
345 664 419 719 gaen
436 664 489 704 nae
507 651 587 704 sinte
605 651 717 705 Pieters
730 653 836 706 kercke
853 654 911 714 toe,
924 653 1074 706 hebbende
1092 654 1128 706 de
1145 654 1291 706 barnende
1309 667 1411 706 wasse-

178 731 287 786 kaerse
308 733 339 784 in
365 748 419 799 ayn
445 732 544 792 handt,
570 734 643 785 ende
668 735 741 786 doen
771 749 824 800 ayn
850 735 956 800 gebedt
982 736 1045 786 voir
1070 734 1199 800 theylige
1225 736 1413 800 eerwairdige

179 813 367 866 sacramente
379 815 451 867 ende
461 812 568 866 offeren
579 815 676 866 aldaer
685 817 720 867 de
729 816 829 867 voirsz.
841 817 1015 879 waskaerse3
1026 818 1098 867 ende
1109 816 1150 867 ael
1159 818 1236 867 voirt
1246 831 1280 881 vp
1292 831 1412 881 morgen

179 896 374 947 wederomme
386 909 486 947 comen
499 897 527 946 in
544 909 597 948 eeu
611 894 680 960 paer'
692 896 788 948 linden
802 896 935 948 alederen
952 899 1005 947 mit
1021 897 1109 948 tzelue
1121 897 1249 962 rookgen
1262 898 1411 949 hebbende

180 989 220 1028 an
238 991 292 1040 ayn
303 976 365 1042 tyn,
375 978 428 1027 mit
439 977 486 1028 die
498 977 620 1029 kelcken
638 979 700 1029 dair
711 992 757 1043 vp,
771 979 919 1029 hebbonde
931 979 962 1028 in
974 979 1028 1043 z'rjn
1044 978 1133 1029 handt
1145 993 1197 1029 een
1215 979 1410 1030 wassekaerse

180 1058 322 1123 vagando
342 1071 395 1110 een
414 1059 494 1123 pont,
515 1059 588 1110 ende
610 1057 755 1110 dairmede
776 1073 848 1124 gaon
869 1060 899 1109 in
921 1060 1008 1124 Synte
1028 1060 1140 1111 Pieters
1161 1059 1269 1111 kercke
1292 1060 1355 1110 voir
1376 1060 1412 1110 de

179 1151 316 1204 cruyoen
338 1139 411 1191 ende
434 1138 476 1189 als
499 1139 545 1190 die
567 1141 712 1203 processio
730 1141 825 1191 wedor
847 1141 877 1190 in
900 1141 952 1191 der
976 1140 1103 1191 keroken
1129 1143 1214 1198 comt,
1240 1154 1314 1205 gaen
1342 1153 1412 1190 voor

180 1217 314 1284 theylige
337 1219 502 1271 sacrament
522 1220 595 1271 ende
618 1220 723 1271 bidden
747 1221 808 1271 God
831 1236 877 1271 om
901 1222 997 1287 gracie
1020 1223 1092 1272 ende
1115 1223 1149 1273 de
1173 1223 1273 1274 voiraz.
1294 1222 1412 1272 kaersse

179 1299 283 1351 aldaer
305 1300 427 1363 onerem
448 1301 490 1351 ael
513 1302 559 1351 die
581 1302 764 1353 voirscreuen
787 1301 842 1352 Jan
864 1302 1065 1355 corneliszoen
1087 1304 1291 1368 Sonnendages
1312 1303 1411 1354 dairan

179 1382 227 1431 tot
251 1380 330 1434 Sinte
349 1381 491 1432 Paucraes
509 1395 582 1446 gaen
601 1383 673 1434 ende
697 1383 770 1434 doen
788 1382 892 1447 gelyck
910 1383 948 1446 hy
969 1383 999 1433 in
1017 1384 1096 1435 sinte
1115 1384 1227 1435 Pieters
1245 1383 1352 1434 kercka
1376 1397 1411 1447 η)

178 1474 304 1527 morgen
321 1462 394 1514 doen
406 1461 463 1525 zel;
482 1462 635 1528 desgelycx
653 1462 857 1528 Sonnendages
876 1464 982 1515 daeran
998 1463 1027 1514 in
1046 1462 1138 1516 Onsor
1150 1464 1255 1516 Lieuar
1266 1464 1409 1515 Vrouwen

176 1541 305 1606 keroke3
322 1543 394 1594 ende
411 1543 454 1593 dit
470 1542 498 1594 al
515 1544 624 1608 gedaeu
643 1544 672 1594 in
685 1544 832 1595 manieren
850 1545 963 1601 voirsa„
982 1558 1032 1596 zoe
1049 1545 1091 1596 sel
1108 1545 1163 1597 Jan
1182 1544 1347 1604 cornelien,
1360 1546 1411 1608 vpt

180 1625 280 1675 eerate
292 1623 406 1676 datmen
419 1623 486 1676 doet
496 1625 641 1688 processio
659 1624 805 1690 generael.
819 1640 872 1676 van
890 1625 1012 1690 gelycko
1032 1640 1106 1692 gaen
1118 1627 1148 1677 in
1161 1640 1214 1678 een
1226 1640 1296 1692 paer
1313 1626 1411 1678 linden

179 1703 319 1756 clederen
330 1705 393 1756 voir
409 1705 455 1756 die
466 1718 600 1770 cruycen
618 1706 766 1758 hebbende
783 1706 876 1759 tselue
888 1707 1016 1772 rockgen
1029 1721 1065 1758 an
1077 1708 1130 1759 mit
1142 1707 1188 1759 die
1201 1707 1323 1760 kelcken
1340 1697 1412 1760 en'de

180 1786 240 1837 mit
255 1798 308 1838 een
321 1786 467 1839 barnende
480 1787 583 1841 kaerse
596 1790 627 1840 in
638 1804 692 1855 ayn
709 1790 806 1850 hausit,
821 1791 893 1842 ende
909 1790 951 1841 als
965 1791 1011 1842 die
1027 1803 1151 1855 eruyoen
1164 1790 1194 1840 in
1206 1789 1286 1841 Sinte
1299 1788 1412 1841 Pieters

180 1865 294 1919 kercka
309 1868 406 1920 weder
419 1882 529 1931 comen,
542 1885 595 1935 ayn
612 1871 699 1936 gebet
716 1871 840 1935 spreken
857 1872 917 1922 voir
934 1872 1084 1936 twairdige
1100 1871 1216 1936 heylige
1231 1871 1412 1922 sacramente

180 1949 260 2000 ende
277 1949 322 2000 die
334 1949 412 2001 zelue
430 1950 533 2003 kaerse
551 1951 642 2004 aldair
659 1953 781 2015 offeram
796 1955 868 2004 ende
886 1952 941 2004 zelt
958 1954 1069 2004 voirtan
1083 1966 1135 2003 een
1147 1952 1203 2016 jair
1215 1951 1299 2017 lanek
1311 1965 1346 2014 vp
1359 1966 1411 2016 ayn

179 2032 318 2094 voperste
327 2030 402 2082 oleet
413 2046 467 2084 een
477 2033 562 2084 kelok
574 2035 682 2099 dragen
696 2036 742 2084 ten
756 2033 887 2098 exemplo
905 2049 958 2084 van
977 2034 1051 2085 allen
1070 2034 1205 2092 anderen,
1218 2034 1303 2098 vpdat
1321 2045 1411 2084 eenen

180 2109 338 2174 ygelioken
350 2112 416 2164 hem
428 2114 559 2167 wachten
570 2116 653 2167 mach
665 2131 718 2181 zyn
731 2116 810 2168 Heer
822 2131 874 2182 zyn
886 2116 960 2166 uout
972 2119 999 2167 te
1017 2115 1232 2179 blastamieren3
1247 2115 1318 2166 ende
1332 2114 1373 2165 dit
1385 2112 1412 2164 al

178 2204 219 2256 vp
232 2194 363 2245 correxie
375 2197 481 2247 vander
493 2199 584 2264 stede*

215 2271 288 2323 Elcx
300 2275 342 2327 zie
354 2290 423 2328 voer
440 2277 515 2337 hem,
534 2281 610 2329 want
626 2279 724 2330 indien
741 2293 806 2330 men
824 2280 967 2331 beuinden
984 2278 1319 2344 kan,datyen1antdeze
1338 2277 1410 2328 ende

179 2354 391 2421 desergelyoke
403 2357 589 2411 blastemieen
603 2361 717 2424 spreta,
731 2362 777 2411 die
795 2361 837 2413 zel
855 2376 920 2412 men
938 2362 1055 2412 straffen
1072 2361 1145 2412 ende
1162 2360 1341 2425 corrigieren
1359 2371 1413 2410 uae

181 2434 393 2504 gelegentheyt
404 2439 456 2491 der
467 2439 602 2493 zancken.

449 2584 642 2637 Stadearehiet
654 2587 681 2637 te
694 2585 811 2649 Leiden‚
832 2585 1036 2639 cmectietoet
1054 2584 1087 2644 Ε,
1110 2587 1142 2636 in
1159 2584 1241 2646 datm·
1259 2583 1414 2650 atgedrukt

480 2666 519 2730 bij
533 2666 566 2717 P.
576 2666 593 2717 J
597 2701 604 2716 .
619 2666 702 2734 Blok‚
714 2665 847 2720 Leidecte
857 2665 1072 2720 rechtsbronnen
1083 2669 1124 2719 uit
1135 2665 1171 2720 de
1182 2663 1414 2728 miadezeeuwem

483 2747 536 2799 blz.
549 2747 636 2798 81-83.

755 2969 842 3040 52¹7.

239 3198 346 3270 1526,
367 3192 446 3258 Juli
464 3198 498 3271 9,
522 3189 766 3281 Straatsburq.
783 3197 963 3263 Uittreksel
982 3197 1029 3262 uit
1041 3215 1143 3260 aenan
1161 3193 1248 3260 brief
1268 3215 1330 3259 van
1349 3197 1413 3260 Bu·

182 3319 283 3365 cerus
299 3319 362 3365 aan
380 3299 523 3384 Zwingli
539 3319 618 3364 over
630 3299 692 3365 den
708 3299 858 3366 toestand
875 3299 934 3363 der
951 3297 1170 3382 Hervorming
1182 3297 1216 3362 in
1228 3297 1269 3362 de
1291 3296 1414 3364 Neder-

179 3399 307 3468 landen
324 3420 365 3465 eu
383 3420 462 3467 over
475 3400 515 3467 de
539 3401 803 3467 werkzaamheid
821 3420 884 3466 van
904 3400 1013 3466 Hinue
1031 3399 1121 3465 Rode
1145 3400 1179 3465 in
1206 3397 1347 3464 Holland
1371 3419 1413 3464 en

180 3502 373 3570 Friesland.

219 3672 295 3724 Tota
316 3672 469 3725 Hollandia
491 3677 520 3726 et
541 3674 634 3725 FrIsia
655 3687 707 3739 per
731 3672 855 3725 Rodium
873 3676 902 3724 et
919 3672 990 3724 alios
1008 3673 1146 3735 quosdam
1163 3685 1234 3737 pure
1251 3671 1310 3734 J'am
1327 3670 1412 3734 sapit,

182 3755 360 3818 resipiscunt
376 3757 515 3819 quotquot
540 3757 568 3807 et
594 3769 645 3819 per
667 3755 841 3814 Flammam,
864 3754 1049 3805 Brabantiam
1071 3756 1156 3817 atque
1178 3753 1322 3803 Geldriam
1347 3751 1413 3800 suut

184 3836 354 3888 Christiani.
1327 3838 1330 3843 “

262 3953 280 3969 ..
292 3919 412 3983 Argent.
425 3931 454 3969 rx
465 3919 524 3986 sul„

452 4065 600 4118 Huldericr'
616 4063 751 4130 Zuinylii
764 4063 863 4128 Opera,
881 4064 996 4128 uitgave
1013 4077 1067 4114 van
1085 4062 1188 4114 Meloh.
1207 4061 1360 4114 Schulerus
1377 4075 1413 4114 en

483 4149 529 4199 Jo.
544 4148 763 4204 Schultheasius‚
783 4146 845 4197 deel
857 4146 919 4206 vn,
935 4145 987 4196 blz.
1006 4145 1062 4195 521.
1077 4173 1109 4181 —
1122 4144 1197 4196 Over
1209 4144 1304 4194 Hinne
1321 4143 1412 4202 Rode,

484 4227 562 4278 ziet.
572 4227 599 4279 J.
613 4240 666 4277 van
679 4227 947 4290 Toorenenbergen.
960 4225 1054 4275 Hinne
1065 4223 1151 4282 Rode,
1161 4224 1193 4274 in
1205 4222 1414 4288 betrekkinytot

483 4308 519 4361 de
531 4310 741 4376 Anabaptisten,
750 4309 779 4358 in
792 4308 841 4358 het
853 4305 1049 4372 Archiasuoor
1060 4305 1132 4358 Ned.
1145 4303 1413 4372 kerkqeacttedenia,

484 4391 547 4443 dael
559 4391 612 4451 111,
625 4391 677 4442 blz.
691 4389 793 4440 90-101.
