<?xml version="1.0" encoding="UTF-8"?>
<!DOCTYPE html PUBLIC "-//W3C//DTD XHTML 1.0 Transitional//EN"
    "http://www.w3.org/TR/xhtml1/DTD/xhtml1-transitional.dtd">
<html xmlns="http://www.w3.org/1999/xhtml" xml:lang="en" lang="en">
 <head>
  <title>
</title>
<meta http-equiv="Content-Type" content="text/html;charset=utf-8" />
  <meta name='ocr-system' content='tesseract 3.04.00' />
  <meta name='ocr-capabilities' content='ocr_page ocr_carea ocr_par ocr_line ocrx_word'/>
</head>
<body>
  <div class='ocr_page' id='page_1' title='image "./corpusdocumento02frgoog_0462.png"; bbox 0 0 3224 5400; ppageno 0'>
   <div class='ocr_carea' id='block_1_1' title="bbox 559 121 1293 175">
    <p class='ocr_par' dir='ltr' id='par_1_1' title="bbox 559 121 1293 175">
     <span class='ocr_line' id='line_1_1' title="bbox 559 121 1293 175; baseline 0.003 -2"><span class='ocrx_word' id='word_1_1' title='bbox 559 121 809 174; x_wconf 77' lang='lat' dir='ltr'>AANHANGSEL</span> <span class='ocrx_word' id='word_1_2' title='bbox 1244 122 1293 175; x_wconf 55' lang='grc' dir='ltr'>«Β</span> 
     </span>
    </p>
   </div>
   <div class='ocr_carea' id='block_1_2' title="bbox 67 286 1353 597">
    <p class='ocr_par' dir='ltr' id='par_1_2' title="bbox 67 286 1353 597">
     <span class='ocr_line' id='line_1_2' title="bbox 67 286 1353 357; baseline 0 -18"><span class='ocrx_word' id='word_1_3' title='bbox 67 300 163 351; x_wconf 84' lang='lat' dir='ltr'>quaro</span> <span class='ocrx_word' id='word_1_4' title='bbox 174 300 276 339; x_wconf 91' lang='lat' dir='ltr'>nomen</span> <span class='ocrx_word' id='word_1_5' title='bbox 288 286 497 351; x_wconf 81' lang='lat' dir='ltr'>praescriptum</span> <span class='ocrx_word' id='word_1_6' title='bbox 515 301 571 337; x_wconf 89' lang='lat' dir='ltr'>non</span> <span class='ocrx_word' id='word_1_7' title='bbox 589 288 673 347; x_wconf 87' lang='lat' dir='ltr'>esset,</span> <span class='ocrx_word' id='word_1_8' title='bbox 691 288 848 352; x_wconf 85' lang='lat' dir='ltr'>respondit,</span> <span class='ocrx_word' id='word_1_9' title='bbox 868 287 896 338; x_wconf 93' lang='lat' dir='ltr'>id</span> <span class='ocrx_word' id='word_1_10' title='bbox 914 287 1008 339; x_wconf 87' lang='lat' dir='ltr'>aurcis</span> <span class='ocrx_word' id='word_1_11' title='bbox 1026 286 1119 339; x_wconf 88' lang='lat' dir='ltr'>literis</span> <span class='ocrx_word' id='word_1_12' title='bbox 1131 286 1291 339; x_wconf 84' lang='lat' dir='ltr'>adscriben·</span> <span class='ocrx_word' id='word_1_13' title='bbox 1347 350 1353 357; x_wconf 31' lang='grc'>1</span> 
     </span>
     <span class='ocr_line' id='line_1_3' title="bbox 68 368 1291 434; baseline -0.001 -13"><span class='ocrx_word' id='word_1_14' title='bbox 68 370 150 428; x_wconf 87' lang='lat' dir='ltr'>dum.</span> <span class='ocrx_word' id='word_1_15' title='bbox 168 371 197 421; x_wconf 90' lang='lat' dir='ltr'>et</span> <span class='ocrx_word' id='word_1_16' title='bbox 212 370 288 421; x_wconf 86' lang='lat' dir='ltr'>iuter</span> <span class='ocrx_word' id='word_1_17' title='bbox 305 370 418 421; x_wconf 81' lang='lat' dir='ltr'>caetera</span> <span class='ocrx_word' id='word_1_18' title='bbox 429 368 541 434; x_wconf 88' lang='lat' dir='ltr'>adjecit,</span> <span class='ocrx_word' id='word_1_19' title='bbox 555 383 586 420; x_wconf 88' lang='lat' dir='ltr'>se</span> <span class='ocrx_word' id='word_1_20' title='bbox 598 369 768 422; x_wconf 87' lang='lat' dir='ltr'>moriturum</span> <span class='ocrx_word' id='word_1_21' title='bbox 789 371 817 421; x_wconf 92' lang='lat' dir='ltr'>in</span> <span class='ocrx_word' id='word_1_22' title='bbox 840 369 890 421; x_wconf 87' lang='lat' dir='ltr'>illa</span> <span class='ocrx_word' id='word_1_23' title='bbox 907 370 974 433; x_wconf 82' lang='lat' dir='ltr'>ilde,</span> <span class='ocrx_word' id='word_1_24' title='bbox 992 369 1022 421; x_wconf 89' lang='lat' dir='ltr'>in</span> <span class='ocrx_word' id='word_1_25' title='bbox 1035 382 1090 434; x_wconf 88' lang='lat' dir='ltr'>qua</span> <span class='ocrx_word' id='word_1_26' title='bbox 1107 371 1190 421; x_wconf 79' lang='lat' dir='ltr'>natus</span> <span class='ocrx_word' id='word_1_27' title='bbox 1206 370 1291 430; x_wconf 86' lang='lat' dir='ltr'>esset,</span> 
     </span>
     <span class='ocr_line' id='line_1_4' title="bbox 70 448 1293 518; baseline 0 -16"><span class='ocrx_word' id='word_1_28' title='bbox 70 451 168 511; x_wconf 86' lang='lat' dir='ltr'>idest,</span> <span class='ocrx_word' id='word_1_29' title='bbox 181 450 211 501; x_wconf 89' lang='lat' dir='ltr'>iu</span> <span class='ocrx_word' id='word_1_30' title='bbox 223 448 302 502; x_wconf 87' lang='lat' dir='ltr'>nulla</span> <span class='ocrx_word' id='word_1_31' title='bbox 313 451 377 506; x_wconf 85' lang='lat' dir='ltr'>ilde,</span> <span class='ocrx_word' id='word_1_32' title='bbox 392 451 458 514; x_wconf 83' lang='lat' dir='ltr'>quia</span> <span class='ocrx_word' id='word_1_33' title='bbox 469 451 498 501; x_wconf 92' lang='lat' dir='ltr'>in</span> <span class='ocrx_word' id='word_1_34' title='bbox 512 450 591 501; x_wconf 89' lang='lat' dir='ltr'>nulla</span> <span class='ocrx_word' id='word_1_35' title='bbox 603 453 684 502; x_wconf 88' lang='lat' dir='ltr'>natus</span> <span class='ocrx_word' id='word_1_36' title='bbox 696 454 748 518; x_wconf 90' lang='lat' dir='ltr'>est,</span> <span class='ocrx_word' id='word_1_37' title='bbox 762 453 815 503; x_wconf 89' lang='lat' dir='ltr'>ete.</span> <span class='ocrx_word' id='word_1_38' title='bbox 830 452 884 503; x_wconf 84' lang='lat' dir='ltr'>Hic</span> <span class='ocrx_word' id='word_1_39' title='bbox 895 453 986 503; x_wconf 90' lang='lat' dir='ltr'>bouus</span> <span class='ocrx_word' id='word_1_40' title='bbox 997 453 1079 516; x_wconf 88' lang='lat' dir='ltr'>pater</span> <span class='ocrx_word' id='word_1_41' title='bbox 1091 452 1177 504; x_wconf 84' lang='lat' dir='ltr'>etiam</span> <span class='ocrx_word' id='word_1_42' title='bbox 1189 451 1293 503; x_wconf 89' lang='lat' dir='ltr'>dicitur</span> 
     </span>
     <span class='ocr_line' id='line_1_5' title="bbox 71 533 725 597; baseline 0 -13"><span class='ocrx_word' id='word_1_43' title='bbox 71 533 163 587; x_wconf 79' lang='lat' dir='ltr'>ruisse</span> <span class='ocrx_word' id='word_1_44' title='bbox 175 533 316 594; x_wconf 77' lang='lat' dir='ltr'>sacerdos,</span> <span class='ocrx_word' id='word_1_45' title='bbox 329 534 480 596; x_wconf 66' lang='lat' dir='ltr'>numquam</span> <span class='ocrx_word' id='word_1_46' title='bbox 491 533 657 597; x_wconf 81' lang='lat' dir='ltr'><strong>baptisatus,</strong></span> <span class='ocrx_word' id='word_1_47' title='bbox 671 536 725 584; x_wconf 87' lang='lat' dir='ltr'>etc.</span> 
     </span>
    </p>
   </div>
   <div class='ocr_carea' id='block_1_3' title="bbox 334 663 1293 895">
    <p class='ocr_par' dir='ltr' id='par_1_3' title="bbox 334 663 1293 895">
     <span class='ocr_line' id='line_1_6' title="bbox 334 663 1293 728; baseline 0.001 -13"><span class='ocrx_word' id='word_1_48' title='bbox 334 663 523 728; x_wconf 84' lang='lat' dir='ltr'>Keuinklljke</span> <span class='ocrx_word' id='word_1_49' title='bbox 549 664 729 717; x_wconf 86' lang='lat' dir='ltr'>Biblietbeok</span> <span class='ocrx_word' id='word_1_50' title='bbox 759 668 785 717; x_wconf 90' lang='lat' dir='ltr'>te</span> <span class='ocrx_word' id='word_1_51' title='bbox 815 666 941 724; x_wconf 87' lang='lat' dir='ltr'>Brussel.</span> <span class='ocrx_word' id='word_1_52' title='bbox 972 665 1027 717; x_wconf 87' lang='lat' dir='ltr'>HS.</span> <span class='ocrx_word' id='word_1_53' title='bbox 1060 674 1089 716; x_wconf 74' lang='lat' dir='ltr'>nr</span> <span class='ocrx_word' id='word_1_54' title='bbox 1115 665 1147 714; x_wconf 87' lang='grc'>53</span> <span class='ocrx_word' id='word_1_55' title='bbox 1176 679 1228 715; x_wconf 85' lang='lat' dir='ltr'>van</span> <span class='ocrx_word' id='word_1_56' title='bbox 1257 665 1293 716; x_wconf 92' lang='lat' dir='ltr'>de</span> 
     </span>
     <span class='ocr_line' id='line_1_7' title="bbox 366 744 1292 814; baseline 0.004 -19"><span class='ocrx_word' id='word_1_57' title='bbox 366 746 407 795; x_wconf 57' lang='lat'>2⁸¹⁸</span> <span class='ocrx_word' id='word_1_58' title='bbox 425 747 510 806; x_wconf 89' lang='lat' dir='ltr'>serie,</span> <span class='ocrx_word' id='word_1_59' title='bbox 529 747 578 798; x_wconf 84' lang='lat' dir='ltr'>iol.</span> <span class='ocrx_word' id='word_1_60' title='bbox 599 748 629 811; x_wconf 73' lang='lat'>43</span> <span class='ocrx_word' id='word_1_61' title='bbox 648 748 802 814; x_wconf 85' lang='lat' dir='ltr'>aigedrukt</span> <span class='ocrx_word' id='word_1_62' title='bbox 819 749 848 799; x_wconf 91' lang='lat' dir='ltr'>in</span> <span class='ocrx_word' id='word_1_63' title='bbox 869 747 1091 800; x_wconf 83' lang='lat' dir='ltr'>Geldonbnuer’s</span> <span class='ocrx_word' id='word_1_64' title='bbox 1113 744 1292 806; x_wconf 76' lang='lat' dir='ltr'>collectanea,</span> 
     </span>
     <span class='ocr_line' id='line_1_8' title="bbox 367 829 968 895; baseline 0.003 -16"><span class='ocrx_word' id='word_1_65' title='bbox 367 829 537 895; x_wconf 86' lang='lat' dir='ltr'>uitgegcvcu</span> <span class='ocrx_word' id='word_1_66' title='bbox 550 830 620 880; x_wconf 89' lang='lat' dir='ltr'>door</span> <span class='ocrx_word' id='word_1_67' title='bbox 630 830 658 880; x_wconf 80' lang='lat' dir='ltr'>l.</span> <span class='ocrx_word' id='word_1_68' title='bbox 673 830 804 889; x_wconf 88' lang='lat' dir='ltr'>Prinsen,</span> <span class='ocrx_word' id='word_1_69' title='bbox 816 829 869 882; x_wconf 86' lang='lat' dir='ltr'>blz.</span> <span class='ocrx_word' id='word_1_70' title='bbox 883 831 968 881; x_wconf 71' lang='lat'>14-15.</span> 
     </span>
    </p>
   </div>
   <div class='ocr_carea' id='block_1_4' title="bbox 587 1045 784 1136">
    <p class='ocr_par' dir='ltr' id='par_1_4' title="bbox 587 1045 784 1136">
     <span class='ocr_line' id='line_1_9' title="bbox 587 1045 784 1136; baseline 0.005 -15"><span class='ocrx_word' id='word_1_71' title='bbox 587 1054 665 1123; x_wconf 80' lang='lat' dir='ltr'>&#39;lod</span> <span class='ocrx_word' id='word_1_72' title='bbox 693 1045 784 1136; x_wconf 79' lang='lat'>(53⁵).</span> 
     </span>
    </p>
   </div>
   <div class='ocr_carea' id='block_1_5' title="bbox 65 1264 1293 2282">
    <p class='ocr_par' dir='ltr' id='par_1_5' title="bbox 65 1264 1293 2282">
     <span class='ocr_line' id='line_1_10' title="bbox 127 1264 1290 1349; baseline 0.002 -21"><span class='ocrx_word' id='word_1_73' title='bbox 127 1269 235 1340; x_wconf 86' lang='lat'><em>1521,</em></span> <span class='ocrx_word' id='word_1_74' title='bbox 264 1264 468 1349; x_wconf 79' lang='lat' dir='ltr'>September·</span> <span class='ocrx_word' id='word_1_75' title='bbox 493 1273 527 1342; x_wconf 89' lang='lat'>2,</span> <span class='ocrx_word' id='word_1_76' title='bbox 557 1266 712 1331; x_wconf 79' lang='lat' dir='ltr'>Brueeel.</span> <span class='ocrx_word' id='word_1_77' title='bbox 741 1265 833 1332; x_wconf 84' lang='lat' dir='ltr'>Brief</span> <span class='ocrx_word' id='word_1_78' title='bbox 856 1288 918 1332; x_wconf 83' lang='lat' dir='ltr'>van</span> <span class='ocrx_word' id='word_1_79' title='bbox 948 1265 1112 1333; x_wconf 83' lang='lat' dir='ltr'>Aleauder</span> <span class='ocrx_word' id='word_1_80' title='bbox 1138 1286 1201 1331; x_wconf 91' lang='lat' dir='ltr'>aau</span> <span class='ocrx_word' id='word_1_81' title='bbox 1228 1264 1290 1331; x_wconf 90' lang='lat' dir='ltr'>den</span> 
     </span>
     <span class='ocr_line' id='line_1_11' title="bbox 72 1368 1290 1455; baseline 0 -22"><span class='ocrx_word' id='word_1_82' title='bbox 72 1368 323 1436; x_wconf 82' lang='lat' dir='ltr'>vice-kauselier</span> <span class='ocrx_word' id='word_1_83' title='bbox 362 1392 440 1437; x_wconf 87' lang='lat' dir='ltr'>over</span> <span class='ocrx_word' id='word_1_84' title='bbox 479 1372 541 1436; x_wconf 92' lang='lat' dir='ltr'>den</span> <span class='ocrx_word' id='word_1_85' title='bbox 582 1371 731 1438; x_wconf 85' lang='lat' dir='ltr'>toestend</span> <span class='ocrx_word' id='word_1_86' title='bbox 762 1375 796 1436; x_wconf 88' lang='lat' dir='ltr'>to</span> <span class='ocrx_word' id='word_1_87' title='bbox 828 1373 970 1455; x_wconf 85' lang='lat' dir='ltr'>Brugge,</span> <span class='ocrx_word' id='word_1_88' title='bbox 1004 1376 1037 1436; x_wconf 87' lang='lat' dir='ltr'>te</span> <span class='ocrx_word' id='word_1_89' title='bbox 1068 1368 1155 1434; x_wconf 87' lang='lat' dir='ltr'>Gent</span> <span class='ocrx_word' id='word_1_90' title='bbox 1186 1389 1226 1433; x_wconf 91' lang='lat' dir='ltr'>en</span> <span class='ocrx_word' id='word_1_91' title='bbox 1258 1375 1290 1435; x_wconf 88' lang='lat' dir='ltr'>te</span> 
     </span>
     <span class='ocr_line' id='line_1_12' title="bbox 70 1470 1291 1560; baseline -0.001 -23"><span class='ocrx_word' id='word_1_92' title='bbox 70 1472 289 1556; x_wconf 79' lang='lat' dir='ltr'>Antwerpen.</span> <span class='ocrx_word' id='word_1_93' title='bbox 315 1474 426 1540; x_wconf 84' lang='lat' dir='ltr'>-To</span> <span class='ocrx_word' id='word_1_94' title='bbox 457 1476 586 1560; x_wconf 84' lang='lat' dir='ltr'>Brugge</span> <span class='ocrx_word' id='word_1_95' title='bbox 615 1476 642 1539; x_wconf 91' lang='lat' dir='ltr'>is</span> <span class='ocrx_word' id='word_1_96' title='bbox 672 1474 751 1540; x_wconf 88' lang='lat' dir='ltr'>alles</span> <span class='ocrx_word' id='word_1_97' title='bbox 779 1474 886 1558; x_wconf 86' lang='lat' dir='ltr'>ruslig</span> <span class='ocrx_word' id='word_1_98' title='bbox 915 1492 954 1537; x_wconf 88' lang='lat' dir='ltr'>en</span> <span class='ocrx_word' id='word_1_99' title='bbox 982 1470 1066 1537; x_wconf 86' lang='lat' dir='ltr'>vend</span> <span class='ocrx_word' id='word_1_100' title='bbox 1090 1492 1163 1537; x_wconf 89' lang='lat' dir='ltr'>men</span> <span class='ocrx_word' id='word_1_101' title='bbox 1188 1491 1291 1557; x_wconf 86' lang='lat' dir='ltr'>geene</span> 
     </span>
     <span class='ocr_line' id='line_1_13' title="bbox 72 1567 1291 1659; baseline 0 -19"><span class='ocrx_word' id='word_1_102' title='bbox 72 1575 275 1642; x_wconf 86' lang='lat' dir='ltr'>Luthersche</span> <span class='ocrx_word' id='word_1_103' title='bbox 292 1575 417 1644; x_wconf 82' lang='lat' dir='ltr'>becken</span> <span class='ocrx_word' id='word_1_104' title='bbox 431 1598 482 1644; x_wconf 91' lang='lat' dir='ltr'>em</span> <span class='ocrx_word' id='word_1_105' title='bbox 499 1598 536 1643; x_wconf 84' lang='lat' dir='ltr'>ze</span> <span class='ocrx_word' id='word_1_106' title='bbox 551 1585 584 1643; x_wconf 89' lang='lat' dir='ltr'>le</span> <span class='ocrx_word' id='word_1_107' title='bbox 599 1576 817 1644; x_wconf 81' lang='lat' dir='ltr'>verbrandeu.</span> <span class='ocrx_word' id='word_1_108' title='bbox 833 1576 877 1642; x_wconf 88' lang='grc' dir='ltr'>Το</span> <span class='ocrx_word' id='word_1_109' title='bbox 890 1567 984 1642; x_wconf 69' lang='lat' dir='ltr'>Gent&#39;</span> <span class='ocrx_word' id='word_1_110' title='bbox 993 1574 1020 1640; x_wconf 90' lang='lat' dir='ltr'>is</span> <span class='ocrx_word' id='word_1_111' title='bbox 1033 1573 1072 1640; x_wconf 90' lang='lat' dir='ltr'>de</span> <span class='ocrx_word' id='word_1_112' title='bbox 1089 1573 1291 1659; x_wconf 81' lang='lat' dir='ltr'>godsvrucht</span> 
     </span>
     <span class='ocr_line' id='line_1_14' title="bbox 71 1676 1290 1766; baseline -0.002 -22"><span class='ocrx_word' id='word_1_113' title='bbox 71 1684 181 1764; x_wconf 86' lang='lat' dir='ltr'>greet‚</span> <span class='ocrx_word' id='word_1_114' title='bbox 199 1679 308 1745; x_wconf 86' lang='lat' dir='ltr'>aoeals</span> <span class='ocrx_word' id='word_1_115' title='bbox 324 1678 418 1745; x_wconf 87' lang='lat' dir='ltr'>bleek</span> <span class='ocrx_word' id='word_1_116' title='bbox 445 1681 491 1747; x_wconf 93' lang='lat' dir='ltr'>uit</span> <span class='ocrx_word' id='word_1_117' title='bbox 515 1702 616 1746; x_wconf 87' lang='lat' dir='ltr'>eeuen</span> <span class='ocrx_word' id='word_1_118' title='bbox 646 1679 918 1766; x_wconf 87' lang='lat' dir='ltr'>buitengewonen</span> <span class='ocrx_word' id='word_1_119' title='bbox 942 1677 1070 1761; x_wconf 91' lang='lat' dir='ltr'>toeloop</span> <span class='ocrx_word' id='word_1_120' title='bbox 1093 1697 1145 1743; x_wconf 93' lang='lat' dir='ltr'>em</span> <span class='ocrx_word' id='word_1_121' title='bbox 1168 1676 1290 1743; x_wconf 86' lang='lat' dir='ltr'>aflaten</span> 
     </span>
     <span class='ocr_line' id='line_1_15' title="bbox 70 1780 1291 1870; baseline -0.004 -21"><span class='ocrx_word' id='word_1_122' title='bbox 70 1786 103 1849; x_wconf 89' lang='lat' dir='ltr'>te</span> <span class='ocrx_word' id='word_1_123' title='bbox 119 1780 309 1850; x_wconf 84' lang='lat' dir='ltr'>verdieneu.</span> <span class='ocrx_word' id='word_1_124' title='bbox 330 1783 375 1849; x_wconf 88' lang='grc' dir='ltr'>Το</span> <span class='ocrx_word' id='word_1_125' title='bbox 393 1785 596 1870; x_wconf 84' lang='lat' dir='ltr'>Antwerpen</span> <span class='ocrx_word' id='word_1_126' title='bbox 614 1785 642 1849; x_wconf 88' lang='lat' dir='ltr'>is</span> <span class='ocrx_word' id='word_1_127' title='bbox 659 1785 869 1868; x_wconf 88' lang='lat' dir='ltr'>Praepositus</span> <span class='ocrx_word' id='word_1_128' title='bbox 886 1788 999 1867; x_wconf 87' lang='lat' dir='ltr'>terug;</span> <span class='ocrx_word' id='word_1_129' title='bbox 1020 1780 1291 1865; x_wconf 84' lang='lat' dir='ltr'>dientengovelge</span> 
     </span>
     <span class='ocr_line' id='line_1_16' title="bbox 69 1882 1293 1972; baseline -0.002 -22"><span class='ocrx_word' id='word_1_130' title='bbox 69 1884 96 1951; x_wconf 90' lang='lat' dir='ltr'>is</span> <span class='ocrx_word' id='word_1_131' title='bbox 126 1904 164 1951; x_wconf 89' lang='grc' dir='ltr'>ον</span> <span class='ocrx_word' id='word_1_132' title='bbox 190 1886 341 1971; x_wconf 87' lang='lat' dir='ltr'>opnieuw</span> <span class='ocrx_word' id='word_1_133' title='bbox 369 1886 483 1972; x_wconf 86' lang='lat' dir='ltr'>eenige</span> <span class='ocrx_word' id='word_1_134' title='bbox 516 1884 689 1972; x_wconf 84' lang='lat' dir='ltr'>beroeriug</span> <span class='ocrx_word' id='word_1_135' title='bbox 716 1887 749 1952; x_wconf 91' lang='lat' dir='ltr'>in</span> <span class='ocrx_word' id='word_1_136' title='bbox 780 1886 819 1951; x_wconf 90' lang='lat' dir='ltr'>de</span> <span class='ocrx_word' id='word_1_137' title='bbox 844 1884 1072 1971; x_wconf 87' lang='lat' dir='ltr'>gemeederen‚</span> <span class='ocrx_word' id='word_1_138' title='bbox 1105 1882 1156 1950; x_wconf 87' lang='lat' dir='ltr'>die</span> <span class='ocrx_word' id='word_1_139' title='bbox 1180 1882 1293 1948; x_wconf 87' lang='lat' dir='ltr'>echter</span> 
     </span>
     <span class='ocr_line' id='line_1_17' title="bbox 68 1984 1292 2075; baseline -0.004 -20"><span class='ocrx_word' id='word_1_140' title='bbox 68 1987 205 2075; x_wconf 85' lang='lat' dir='ltr'>speedig</span> <span class='ocrx_word' id='word_1_141' title='bbox 221 1989 269 2055; x_wconf 83' lang='lat' dir='ltr'>nal</span> <span class='ocrx_word' id='word_1_142' title='bbox 287 1989 439 2075; x_wconf 86' lang='lat' dir='ltr'>godempt</span> <span class='ocrx_word' id='word_1_143' title='bbox 455 1989 602 2057; x_wconf 83' lang='lat' dir='ltr'><strong>worden.</strong></span> <span class='ocrx_word' id='word_1_144' title='bbox 624 1992 667 2057; x_wconf 85' lang='lat' dir='ltr'>lle</span> <span class='ocrx_word' id='word_1_145' title='bbox 687 1989 860 2074; x_wconf 84' lang='lat' dir='ltr'>uitreeiing</span> <span class='ocrx_word' id='word_1_146' title='bbox 877 1988 935 2053; x_wconf 89' lang='lat' dir='ltr'>der</span> <span class='ocrx_word' id='word_1_147' title='bbox 949 1986 1080 2073; x_wconf 88' lang='lat' dir='ltr'>ketterij</span> <span class='ocrx_word' id='word_1_148' title='bbox 1099 1987 1147 2052; x_wconf 83' lang='lat' dir='ltr'>zal</span> <span class='ocrx_word' id='word_1_149' title='bbox 1168 1984 1292 2051; x_wconf 86' lang='lat' dir='ltr'>sleehts</span> 
     </span>
     <span class='ocr_line' id='line_1_18' title="bbox 68 2089 1291 2177; baseline -0.002 -20"><span class='ocrx_word' id='word_1_150' title='bbox 68 2090 213 2176; x_wconf 85' lang='lat' dir='ltr'>velledig</span> <span class='ocrx_word' id='word_1_151' title='bbox 230 2111 345 2177; x_wconf 83' lang='lat' dir='ltr'>mogon</span> <span class='ocrx_word' id='word_1_152' title='bbox 364 2093 495 2172; x_wconf 82' lang='lat' dir='ltr'>beaten,</span> <span class='ocrx_word' id='word_1_153' title='bbox 516 2114 672 2159; x_wconf 86' lang='lat' dir='ltr'>wauneer</span> <span class='ocrx_word' id='word_1_154' title='bbox 689 2093 727 2159; x_wconf 88' lang='lat' dir='ltr'>de</span> <span class='ocrx_word' id='word_1_155' title='bbox 745 2092 864 2159; x_wconf 76' lang='grc' dir='ltr'>Κοῖνον</span> <span class='ocrx_word' id='word_1_156' title='bbox 882 2113 940 2156; x_wconf 87' lang='lat' dir='ltr'>een</span> <span class='ocrx_word' id='word_1_157' title='bbox 960 2091 1031 2156; x_wconf 86' lang='lat' dir='ltr'>half</span> <span class='ocrx_word' id='word_1_158' title='bbox 1044 2091 1149 2176; x_wconf 88' lang='lat' dir='ltr'>dezijo</span> <span class='ocrx_word' id='word_1_159' title='bbox 1168 2089 1291 2155; x_wconf 85' lang='lat' dir='ltr'>Luthe-</span> 
     </span>
     <span class='ocr_line' id='line_1_19' title="bbox 65 2191 1285 2282; baseline 0 -22"><span class='ocrx_word' id='word_1_160' title='bbox 65 2215 173 2261; x_wconf 86' lang='lat' dir='ltr'>ranen</span> <span class='ocrx_word' id='word_1_161' title='bbox 190 2195 240 2260; x_wconf 85' lang='lat' dir='ltr'>zai</span> <span class='ocrx_word' id='word_1_162' title='bbox 256 2194 418 2261; x_wconf 85' lang='lat' dir='ltr'>verbraud</span> <span class='ocrx_word' id='word_1_163' title='bbox 435 2217 474 2262; x_wconf 89' lang='lat' dir='ltr'>eu</span> <span class='ocrx_word' id='word_1_164' title='bbox 493 2197 604 2262; x_wconf 88' lang='lat' dir='ltr'>bunne</span> <span class='ocrx_word' id='word_1_165' title='bbox 617 2198 776 2282; x_wconf 85' lang='lat' dir='ltr'>goederen</span> <span class='ocrx_word' id='word_1_166' title='bbox 792 2193 1131 2261; x_wconf 84' lang='lat' dir='ltr'>verbeurdverklaerd</span> <span class='ocrx_word' id='word_1_167' title='bbox 1145 2191 1285 2260; x_wconf 85' lang='lat' dir='ltr'>hebben.</span> 
     </span>
    </p>
   </div>
   <div class='ocr_carea' id='block_1_6' title="bbox 63 2361 1334 3666">
    <p class='ocr_par' dir='ltr' id='par_1_6' title="bbox 63 2361 1334 3337">
     <span class='ocr_line' id='line_1_20' title="bbox 97 2361 1334 2430; baseline -0.002 -14"><span class='ocrx_word' id='word_1_168' title='bbox 97 2363 278 2427; x_wconf 86' lang='lat' dir='ltr'>Insequcndo</span> <span class='ocrx_word' id='word_1_169' title='bbox 297 2364 325 2416; x_wconf 90' lang='lat' dir='ltr'>la</span> <span class='ocrx_word' id='word_1_170' title='bbox 341 2367 433 2416; x_wconf 82' lang='lat' dir='ltr'>torma</span> <span class='ocrx_word' id='word_1_171' title='bbox 444 2365 489 2418; x_wconf 92' lang='lat' dir='ltr'>del</span> <span class='ocrx_word' id='word_1_172' title='bbox 503 2367 558 2416; x_wconf 92' lang='lat' dir='ltr'>mio</span> <span class='ocrx_word' id='word_1_173' title='bbox 571 2367 709 2430; x_wconf 88' lang='lat' dir='ltr'>proccdcr</span> <span class='ocrx_word' id='word_1_174' title='bbox 726 2369 784 2417; x_wconf 88' lang='lat' dir='ltr'>cosi</span> <span class='ocrx_word' id='word_1_175' title='bbox 803 2366 894 2417; x_wconf 88' lang='lat' dir='ltr'>scrivo</span> <span class='ocrx_word' id='word_1_176' title='bbox 908 2364 1038 2416; x_wconf 87' lang='lat' dir='ltr'>aVostra</span> <span class='ocrx_word' id='word_1_177' title='bbox 1050 2362 1183 2429; x_wconf 87' lang='lat' dir='ltr'>Signoria</span> <span class='ocrx_word' id='word_1_178' title='bbox 1198 2361 1290 2413; x_wconf 82' lang='lat' dir='ltr'>Reve—</span> <span class='ocrx_word' id='word_1_179' title='bbox 1331 2376 1334 2384; x_wconf 70' lang='lat'>¹</span> 
     </span>
     <span class='ocr_line' id='line_1_21' title="bbox 63 2446 1291 2513; baseline -0.004 -15"><span class='ocrx_word' id='word_1_180' title='bbox 63 2446 240 2498; x_wconf 85' lang='lat' dir='ltr'>rendissima</span> <span class='ocrx_word' id='word_1_181' title='bbox 250 2450 279 2498; x_wconf 90' lang='lat' dir='ltr'>et</span> <span class='ocrx_word' id='word_1_182' title='bbox 292 2449 392 2512; x_wconf 86' lang='lat' dir='ltr'>primo,</span> <span class='ocrx_word' id='word_1_183' title='bbox 407 2449 459 2501; x_wconf 85' lang='lat' dir='ltr'>che</span> <span class='ocrx_word' id='word_1_184' title='bbox 473 2448 521 2499; x_wconf 86' lang='lat' dir='ltr'>alli</span> <span class='ocrx_word' id='word_1_185' title='bbox 534 2450 560 2499; x_wconf 86' lang='lat' dir='ltr'>di</span> <span class='ocrx_word' id='word_1_186' title='bbox 575 2449 679 2512; x_wconf 85' lang='lat' dir='ltr'>passati</span> <span class='ocrx_word' id='word_1_187' title='bbox 692 2462 709 2499; x_wconf 86' lang='lat' dir='ltr'>a</span> <span class='ocrx_word' id='word_1_188' title='bbox 721 2448 841 2513; x_wconf 84' lang='lat' dir='ltr'>Bruges.</span> <span class='ocrx_word' id='word_1_189' title='bbox 855 2449 927 2498; x_wconf 84' lang='lat' dir='ltr'>latta</span> <span class='ocrx_word' id='word_1_190' title='bbox 939 2448 1032 2498; x_wconf 88' lang='lat' dir='ltr'>buona</span> <span class='ocrx_word' id='word_1_191' title='bbox 1044 2446 1228 2509; x_wconf 82' lang='lat' dir='ltr'>inquisitione</span> <span class='ocrx_word' id='word_1_192' title='bbox 1239 2456 1291 2509; x_wconf 90' lang='lat' dir='ltr'>per</span> 
     </span>
     <span class='ocr_line' id='line_1_22' title="bbox 63 2527 1291 2594; baseline -0.003 -14"><span class='ocrx_word' id='word_1_193' title='bbox 63 2528 136 2580; x_wconf 87' lang='lat' dir='ltr'>tutti</span> <span class='ocrx_word' id='word_1_194' title='bbox 148 2527 170 2578; x_wconf 91' lang='lat' dir='ltr'>li</span> <span class='ocrx_word' id='word_1_195' title='bbox 182 2529 275 2579; x_wconf 91' lang='lat' dir='ltr'>ordini</span> <span class='ocrx_word' id='word_1_196' title='bbox 288 2532 316 2580; x_wconf 89' lang='lat' dir='ltr'>et</span> <span class='ocrx_word' id='word_1_197' title='bbox 329 2530 409 2582; x_wconf 91' lang='lat' dir='ltr'>molti</span> <span class='ocrx_word' id='word_1_198' title='bbox 427 2531 502 2589; x_wconf 81' lang='lat' dir='ltr'>laici,</span> <span class='ocrx_word' id='word_1_199' title='bbox 516 2532 606 2582; x_wconf 85' lang='lat' dir='ltr'>trovai</span> <span class='ocrx_word' id='word_1_200' title='bbox 624 2530 720 2593; x_wconf 86' lang='lat' dir='ltr'>quella</span> <span class='ocrx_word' id='word_1_201' title='bbox 730 2530 887 2582; x_wconf 88' lang='lat' dir='ltr'>bellissima</span> <span class='ocrx_word' id='word_1_202' title='bbox 899 2532 977 2581; x_wconf 88' lang='lat' dir='ltr'>terra</span> <span class='ocrx_word' id='word_1_203' title='bbox 988 2543 1040 2594; x_wconf 89' lang='lat' dir='ltr'>per</span> <span class='ocrx_word' id='word_1_204' title='bbox 1052 2528 1080 2578; x_wconf 89' lang='lat' dir='ltr'>la</span> <span class='ocrx_word' id='word_1_205' title='bbox 1091 2527 1185 2593; x_wconf 82' lang='lat' dir='ltr'>gratie</span> <span class='ocrx_word' id='word_1_206' title='bbox 1197 2527 1225 2577; x_wconf 93' lang='lat' dir='ltr'>di</span> <span class='ocrx_word' id='word_1_207' title='bbox 1238 2527 1291 2578; x_wconf 92' lang='lat' dir='ltr'>Dio</span> 
     </span>
     <span class='ocr_line' id='line_1_23' title="bbox 63 2607 1291 2676; baseline -0.002 -15"><span class='ocrx_word' id='word_1_208' title='bbox 63 2609 159 2662; x_wconf 85' lang='lat' dir='ltr'>molto</span> <span class='ocrx_word' id='word_1_209' title='bbox 171 2613 250 2662; x_wconf 85' lang='lat' dir='ltr'>nette</span> <span class='ocrx_word' id='word_1_210' title='bbox 266 2612 303 2663; x_wconf 88' lang='lat' dir='ltr'>da</span> <span class='ocrx_word' id='word_1_211' title='bbox 320 2616 419 2676; x_wconf 87' lang='lat' dir='ltr'>questa</span> <span class='ocrx_word' id='word_1_212' title='bbox 436 2615 586 2665; x_wconf 85' lang='lat' dir='ltr'>iniettiene</span> <span class='ocrx_word' id='word_1_213' title='bbox 605 2614 776 2669; x_wconf 53' lang='lat' dir='ltr'>[lutherana.</span> <span class='ocrx_word' id='word_1_214' title='bbox 796 2614 900 2663; x_wconf 80' lang='lat' dir='ltr'>excetti</span> <span class='ocrx_word' id='word_1_215' title='bbox 918 2612 1010 2663; x_wconf 81' lang='lat' dir='ltr'>alcuni</span> <span class='ocrx_word' id='word_1_216' title='bbox 1029 2610 1133 2661; x_wconf 91' lang='lat' dir='ltr'>ribaldi</span> <span class='ocrx_word' id='word_1_217' title='bbox 1150 2608 1204 2659; x_wconf 87' lang='lat' dir='ltr'>seli</span> <span class='ocrx_word' id='word_1_218' title='bbox 1217 2607 1291 2659; x_wconf 90' lang='lat' dir='ltr'>della</span> 
     </span>
     <span class='ocr_line' id='line_1_24' title="bbox 63 2693 1289 2759; baseline -0.004 -14"><span class='ocrx_word' id='word_1_219' title='bbox 63 2695 148 2745; x_wconf 81' lang='lat' dir='ltr'>secta</span> <span class='ocrx_word' id='word_1_220' title='bbox 165 2693 193 2743; x_wconf 90' lang='lat' dir='ltr'>di</span> <span class='ocrx_word' id='word_1_221' title='bbox 211 2696 310 2756; x_wconf 86' lang='lat' dir='ltr'>questo</span> <span class='ocrx_word' id='word_1_222' title='bbox 323 2698 458 2759; x_wconf 83' lang='lat' dir='ltr'>sattrapa,</span> <span class='ocrx_word' id='word_1_223' title='bbox 472 2696 524 2746; x_wconf 84' lang='lat' dir='ltr'>elie</span> <span class='ocrx_word' id='word_1_224' title='bbox 542 2700 585 2745; x_wconf 88' lang='lat' dir='ltr'>sta</span> <span class='ocrx_word' id='word_1_225' title='bbox 603 2700 659 2758; x_wconf 82' lang='lat' dir='ltr'>qui,</span> <span class='ocrx_word' id='word_1_226' title='bbox 673 2695 693 2745; x_wconf 95' lang='lat' dir='ltr'>li</span> <span class='ocrx_word' id='word_1_227' title='bbox 708 2695 794 2758; x_wconf 87' lang='lat' dir='ltr'>quali,</span> <span class='ocrx_word' id='word_1_228' title='bbox 813 2698 845 2745; x_wconf 93' lang='lat' dir='ltr'>ut</span> <span class='ocrx_word' id='word_1_229' title='bbox 861 2695 1009 2745; x_wconf 87' lang='lat' dir='ltr'>videantur</span> <span class='ocrx_word' id='word_1_230' title='bbox 1026 2693 1147 2758; x_wconf 85' lang='lat' dir='ltr'>egregii,</span> <span class='ocrx_word' id='word_1_231' title='bbox 1161 2704 1289 2757; x_wconf 83' lang='lat' dir='ltr'>regnerio</span> 
     </span>
     <span class='ocr_line' id='line_1_25' title="bbox 64 2772 1288 2843; baseline -0.004 -15"><span class='ocrx_word' id='word_1_232' title='bbox 64 2777 213 2828; x_wconf 83' lang='lat' dir='ltr'>monstror</span> <span class='ocrx_word' id='word_1_233' title='bbox 229 2790 308 2828; x_wconf 88' lang='lat' dir='ltr'>esser</span> <span class='ocrx_word' id='word_1_234' title='bbox 328 2777 494 2839; x_wconf 86' lang='lat' dir='ltr'>Lutherani‚</span> <span class='ocrx_word' id='word_1_235' title='bbox 515 2781 544 2829; x_wconf 90' lang='lat' dir='ltr'>ct</span> <span class='ocrx_word' id='word_1_236' title='bbox 560 2778 613 2829; x_wconf 85' lang='lat' dir='ltr'>elic</span> <span class='ocrx_word' id='word_1_237' title='bbox 636 2779 740 2843; x_wconf 81' lang='lat' dir='ltr'>poggio</span> <span class='ocrx_word' id='word_1_238' title='bbox 759 2776 837 2828; x_wconf 77' lang='lat' dir='ltr'>edel</span> <span class='ocrx_word' id='word_1_239' title='bbox 859 2776 935 2827; x_wconf 91' lang='lat' dir='ltr'>clcro</span> <span class='ocrx_word' id='word_1_240' title='bbox 957 2776 1073 2839; x_wconf 90' lang='lat' dir='ltr'>proprio</span> <span class='ocrx_word' id='word_1_241' title='bbox 1093 2787 1163 2824; x_wconf 88' lang='lat' dir='ltr'>sono</span> <span class='ocrx_word' id='word_1_242' title='bbox 1184 2772 1288 2832; x_wconf 85' lang='lat' dir='ltr'>alcuni,</span> 
     </span>
     <span class='ocr_line' id='line_1_26' title="bbox 65 2854 1289 2923; baseline -0.004 -13"><span class='ocrx_word' id='word_1_243' title='bbox 65 2857 137 2910; x_wconf 83' lang='lat' dir='ltr'>dalli</span> <span class='ocrx_word' id='word_1_244' title='bbox 150 2858 228 2922; x_wconf 89' lang='lat' dir='ltr'>quali</span> <span class='ocrx_word' id='word_1_245' title='bbox 240 2873 271 2911; x_wconf 90' lang='lat' dir='ltr'>se</span> <span class='ocrx_word' id='word_1_246' title='bbox 283 2873 313 2910; x_wconf 89' lang='lat' dir='ltr'>sc</span> <span class='ocrx_word' id='word_1_247' title='bbox 326 2860 509 2911; x_wconf 77' lang='lat' dir='ltr'>demandasse</span> <span class='ocrx_word' id='word_1_248' title='bbox 522 2860 626 2923; x_wconf 84' lang='lat' dir='ltr'>quelle,</span> <span class='ocrx_word' id='word_1_249' title='bbox 639 2861 692 2911; x_wconf 82' lang='lat' dir='ltr'>ulie</span> <span class='ocrx_word' id='word_1_250' title='bbox 705 2860 743 2909; x_wconf 91' lang='lat' dir='ltr'>ha</span> <span class='ocrx_word' id='word_1_251' title='bbox 754 2859 852 2909; x_wconf 86' lang='lat' dir='ltr'>scritto</span> <span class='ocrx_word' id='word_1_252' title='bbox 866 2857 983 2916; x_wconf 85' lang='lat' dir='ltr'>Luther,</span> <span class='ocrx_word' id='word_1_253' title='bbox 997 2872 1052 2908; x_wconf 92' lang='lat' dir='ltr'>non</span> <span class='ocrx_word' id='word_1_254' title='bbox 1066 2857 1093 2907; x_wconf 94' lang='lat' dir='ltr'>lo</span> <span class='ocrx_word' id='word_1_255' title='bbox 1106 2870 1185 2918; x_wconf 89' lang='lat' dir='ltr'>sano,</span> <span class='ocrx_word' id='word_1_256' title='bbox 1197 2854 1289 2906; x_wconf 91' lang='lat' dir='ltr'>solum</span> 
     </span>
     <span class='ocr_line' id='line_1_27' title="bbox 65 2937 1290 3008; baseline -0.003 -17"><span class='ocrx_word' id='word_1_257' title='bbox 65 2954 122 3008; x_wconf 81' lang='lat' dir='ltr'>per</span> <span class='ocrx_word' id='word_1_258' title='bbox 144 2942 281 2992; x_wconf 79' lang='lat' dir='ltr'>euriositd</span> <span class='ocrx_word' id='word_1_259' title='bbox 301 2944 330 2992; x_wconf 90' lang='lat' dir='ltr'>ct</span> <span class='ocrx_word' id='word_1_260' title='bbox 349 2941 503 2993; x_wconf 86' lang='lat' dir='ltr'>ribaldaria</span> <span class='ocrx_word' id='word_1_261' title='bbox 524 2957 593 2992; x_wconf 90' lang='lat' dir='ltr'>sene</span> <span class='ocrx_word' id='word_1_262' title='bbox 615 2941 785 3005; x_wconf 80' lang='lat' dir='ltr'>Lutherani3</span> <span class='ocrx_word' id='word_1_263' title='bbox 807 2954 853 2991; x_wconf 89' lang='lat' dir='ltr'>ma</span> <span class='ocrx_word' id='word_1_264' title='bbox 873 2941 965 3003; x_wconf 84' lang='lat' dir='ltr'>questi</span> <span class='ocrx_word' id='word_1_265' title='bbox 985 2941 1014 2990; x_wconf 94' lang='lat' dir='ltr'>in</span> <span class='ocrx_word' id='word_1_266' title='bbox 1038 2940 1115 2989; x_wconf 88' lang='lat' dir='ltr'>detto</span> <span class='ocrx_word' id='word_1_267' title='bbox 1138 2937 1200 2989; x_wconf 90' lang='lat' dir='ltr'>loco</span> <span class='ocrx_word' id='word_1_268' title='bbox 1220 2951 1290 2988; x_wconf 89' lang='lat' dir='ltr'>seno</span> 
     </span>
     <span class='ocr_line' id='line_1_28' title="bbox 65 3020 1289 3090; baseline -0.003 -16"><span class='ocrx_word' id='word_1_269' title='bbox 65 3022 245 3090; x_wconf 88' lang='lat' dir='ltr'>pochissimi.</span> <span class='ocrx_word' id='word_1_270' title='bbox 259 3023 293 3074; x_wconf 87' lang='lat' dir='ltr'>Bl</span> <span class='ocrx_word' id='word_1_271' title='bbox 305 3026 382 3074; x_wconf 90' lang='lat' dir='ltr'>reste</span> <span class='ocrx_word' id='word_1_272' title='bbox 393 3024 437 3075; x_wconf 90' lang='lat' dir='ltr'>del</span> <span class='ocrx_word' id='word_1_273' title='bbox 452 3024 556 3088; x_wconf 91' lang='lat' dir='ltr'>populo</span> <span class='ocrx_word' id='word_1_274' title='bbox 567 3025 595 3074; x_wconf 93' lang='lat' dir='ltr'>di</span> <span class='ocrx_word' id='word_1_275' title='bbox 607 3023 718 3089; x_wconf 80' lang='lat' dir='ltr'>Bruges</span> <span class='ocrx_word' id='word_1_276' title='bbox 730 3025 746 3075; x_wconf 81' lang='lat' dir='ltr'>d</span> <span class='ocrx_word' id='word_1_277' title='bbox 759 3024 836 3074; x_wconf 84' lang='lat' dir='ltr'>tanto</span> <span class='ocrx_word' id='word_1_278' title='bbox 849 3024 937 3082; x_wconf 89' lang='lat' dir='ltr'>netto,</span> <span class='ocrx_word' id='word_1_279' title='bbox 950 3022 1003 3073; x_wconf 84' lang='lat' dir='ltr'>ebe</span> <span class='ocrx_word' id='word_1_280' title='bbox 1015 3023 1043 3072; x_wconf 93' lang='lat' dir='ltr'>io</span> <span class='ocrx_word' id='word_1_281' title='bbox 1056 3035 1112 3072; x_wconf 90' lang='lat' dir='ltr'>uon</span> <span class='ocrx_word' id='word_1_282' title='bbox 1124 3021 1161 3072; x_wconf 86' lang='lat' dir='ltr'>bo</span> <span class='ocrx_word' id='word_1_283' title='bbox 1173 3020 1289 3086; x_wconf 89' lang='lat' dir='ltr'>pessute</span> 
     </span>
     <span class='ocr_line' id='line_1_29' title="bbox 66 3102 1289 3171; baseline -0.004 -14"><span class='ocrx_word' id='word_1_284' title='bbox 66 3108 167 3157; x_wconf 83' lang='lat' dir='ltr'>trever</span> <span class='ocrx_word' id='word_1_285' title='bbox 185 3119 241 3171; x_wconf 88' lang='lat' dir='ltr'>pur</span> <span class='ocrx_word' id='word_1_286' title='bbox 261 3120 299 3156; x_wconf 93' lang='lat' dir='ltr'>un</span> <span class='ocrx_word' id='word_1_287' title='bbox 320 3105 408 3169; x_wconf 82' lang='lat' dir='ltr'>libr03</span> <span class='ocrx_word' id='word_1_288' title='bbox 429 3112 498 3170; x_wconf 89' lang='lat' dir='ltr'>pero</span> <span class='ocrx_word' id='word_1_289' title='bbox 519 3107 626 3157; x_wconf 80' lang='lat' dir='ltr'>uentu</span> <span class='ocrx_word' id='word_1_290' title='bbox 648 3108 719 3157; x_wconf 81' lang='lat' dir='ltr'>letto</span> <span class='ocrx_word' id='word_1_291' title='bbox 740 3105 882 3164; x_wconf 90' lang='lat' dir='ltr'>incendio,</span> <span class='ocrx_word' id='word_1_292' title='bbox 904 3104 930 3157; x_wconf 90' lang='lat' dir='ltr'>el</span> <span class='ocrx_word' id='word_1_293' title='bbox 952 3103 1017 3168; x_wconf 84' lang='lat' dir='ltr'>quul</span> <span class='ocrx_word' id='word_1_294' title='bbox 1040 3108 1108 3168; x_wconf 85' lang='lat' dir='ltr'>pere</span> <span class='ocrx_word' id='word_1_295' title='bbox 1131 3117 1182 3167; x_wconf 90' lang='lat' dir='ltr'>per</span> <span class='ocrx_word' id='word_1_296' title='bbox 1202 3102 1289 3153; x_wconf 86' lang='lat' dir='ltr'>molto</span> 
     </span>
     <span class='ocr_line' id='line_1_30' title="bbox 66 3186 1291 3251; baseline -0.003 -12"><span class='ocrx_word' id='word_1_297' title='bbox 66 3188 164 3240; x_wconf 90' lang='lat' dir='ltr'>buene</span> <span class='ocrx_word' id='word_1_298' title='bbox 181 3201 265 3239; x_wconf 87' lang='lat' dir='ltr'>cause</span> <span class='ocrx_word' id='word_1_299' title='bbox 286 3187 323 3239; x_wconf 95' lang='lat' dir='ltr'>ho</span> <span class='ocrx_word' id='word_1_300' title='bbox 345 3190 533 3241; x_wconf 86' lang='lat' dir='ltr'>determinate</span> <span class='ocrx_word' id='word_1_301' title='bbox 555 3187 653 3248; x_wconf 81' lang='lat' dir='ltr'>lassar,</span> <span class='ocrx_word' id='word_1_302' title='bbox 675 3190 787 3240; x_wconf 85' lang='lat' dir='ltr'>excetta</span> <span class='ocrx_word' id='word_1_303' title='bbox 807 3187 969 3248; x_wconf 88' lang='lat' dir='ltr'>Hellandia,</span> <span class='ocrx_word' id='word_1_304' title='bbox 991 3187 1061 3238; x_wconf 91' lang='lat' dir='ltr'>dove</span> <span class='ocrx_word' id='word_1_305' title='bbox 1081 3186 1208 3251; x_wconf 79' lang='lat' dir='ltr'>besegne</span> <span class='ocrx_word' id='word_1_306' title='bbox 1224 3197 1291 3236; x_wconf 88' lang='lat' dir='ltr'>usar</span> 
     </span>
     <span class='ocr_line' id='line_1_31' title="bbox 68 3270 478 3337; baseline 0.005 -16"><span class='ocrx_word' id='word_1_307' title='bbox 68 3270 167 3321; x_wconf 87' lang='lat' dir='ltr'>buoua</span> <span class='ocrx_word' id='word_1_308' title='bbox 182 3272 292 3322; x_wconf 85' lang='lat' dir='ltr'>cerain</span> <span class='ocrx_word' id='word_1_309' title='bbox 305 3272 372 3337; x_wconf 88' lang='lat' dir='ltr'>ogni</span> <span class='ocrx_word' id='word_1_310' title='bbox 384 3272 478 3323; x_wconf 89' lang='lat' dir='ltr'>modo.</span> 
     </span>
    </p>

    <p class='ocr_par' dir='ltr' id='par_1_7' title="bbox 69 3348 1292 3666">
     <span class='ocr_line' id='line_1_32' title="bbox 102 3348 1292 3420; baseline -0.002 -17"><span class='ocrx_word' id='word_1_311' title='bbox 102 3353 169 3403; x_wconf 89' lang='lat' dir='ltr'>Non</span> <span class='ocrx_word' id='word_1_312' title='bbox 186 3352 271 3404; x_wconf 86' lang='lat' dir='ltr'>lassai</span> <span class='ocrx_word' id='word_1_313' title='bbox 290 3354 378 3417; x_wconf 87' lang='lat' dir='ltr'>porho</span> <span class='ocrx_word' id='word_1_314' title='bbox 396 3356 440 3404; x_wconf 85' lang='lat' dir='ltr'>iar</span> <span class='ocrx_word' id='word_1_315' title='bbox 457 3352 587 3417; x_wconf 89' lang='lat' dir='ltr'>publicar</span> <span class='ocrx_word' id='word_1_316' title='bbox 604 3368 621 3405; x_wconf 87' lang='lat' dir='ltr'>a</span> <span class='ocrx_word' id='word_1_317' title='bbox 638 3354 749 3420; x_wconf 85' lang='lat' dir='ltr'>Bruges</span> <span class='ocrx_word' id='word_1_318' title='bbox 770 3354 789 3404; x_wconf 93' lang='lat' dir='ltr'>il</span> <span class='ocrx_word' id='word_1_319' title='bbox 811 3354 942 3405; x_wconf 86' lang='lat' dir='ltr'>mandato</span> <span class='ocrx_word' id='word_1_320' title='bbox 963 3365 1078 3403; x_wconf 82' lang='lat' dir='ltr'>cesaree</span> <span class='ocrx_word' id='word_1_321' title='bbox 1098 3364 1151 3415; x_wconf 94' lang='grc' dir='ltr'>ρον</span> <span class='ocrx_word' id='word_1_322' title='bbox 1172 3352 1245 3402; x_wconf 84' lang='lat' dir='ltr'>tutta</span> <span class='ocrx_word' id='word_1_323' title='bbox 1264 3348 1292 3401; x_wconf 87' lang='lat' dir='ltr'>le</span> 
     </span>
     <span class='ocr_line' id='line_1_33' title="bbox 70 3432 1289 3500; baseline -0.004 -13"><span class='ocrx_word' id='word_1_324' title='bbox 70 3438 158 3495; x_wconf 80' lang='lat' dir='ltr'>terra,</span> <span class='ocrx_word' id='word_1_325' title='bbox 178 3437 207 3487; x_wconf 90' lang='lat' dir='ltr'>et</span> <span class='ocrx_word' id='word_1_326' title='bbox 224 3437 327 3487; x_wconf 86' lang='lat' dir='ltr'>datane</span> <span class='ocrx_word' id='word_1_327' title='bbox 344 3450 401 3486; x_wconf 88' lang='lat' dir='ltr'>uua</span> <span class='ocrx_word' id='word_1_328' title='bbox 418 3437 500 3500; x_wconf 87' lang='lat' dir='ltr'>copia</span> <span class='ocrx_word' id='word_1_329' title='bbox 512 3436 537 3487; x_wconf 87' lang='lat' dir='ltr'>al</span> <span class='ocrx_word' id='word_1_330' title='bbox 551 3435 665 3488; x_wconf 83' lang='lat' dir='ltr'>baillivo</span> <span class='ocrx_word' id='word_1_331' title='bbox 684 3440 712 3488; x_wconf 92' lang='lat' dir='ltr'>et</span> <span class='ocrx_word' id='word_1_332' title='bbox 730 3436 822 3487; x_wconf 86' lang='lat' dir='ltr'>l’altrn</span> <span class='ocrx_word' id='word_1_333' title='bbox 835 3436 861 3487; x_wconf 88' lang='lat' dir='ltr'>al</span> <span class='ocrx_word' id='word_1_334' title='bbox 873 3439 981 3492; x_wconf 82' lang='lat' dir='ltr'>senato.</span> <span class='ocrx_word' id='word_1_335' title='bbox 995 3434 1015 3485; x_wconf 91' lang='lat' dir='ltr'>li</span> <span class='ocrx_word' id='word_1_336' title='bbox 1033 3432 1111 3497; x_wconf 86' lang='lat' dir='ltr'>quali</span> <span class='ocrx_word' id='word_1_337' title='bbox 1128 3434 1289 3484; x_wconf 84' lang='lat' dir='ltr'>accetterno</span> 
     </span>
     <span class='ocr_line' id='line_1_34' title="bbox 69 3516 1289 3584; baseline -0.002 -15"><span class='ocrx_word' id='word_1_338' title='bbox 69 3532 124 3569; x_wconf 90' lang='lat' dir='ltr'>con</span> <span class='ocrx_word' id='word_1_339' title='bbox 141 3518 297 3569; x_wconf 85' lang='lat' dir='ltr'>benissimo</span> <span class='ocrx_word' id='word_1_340' title='bbox 316 3517 420 3576; x_wconf 83' lang='lat' dir='ltr'>anime.</span> <span class='ocrx_word' id='word_1_341' title='bbox 439 3521 468 3571; x_wconf 87' lang='lat' dir='ltr'>et</span> <span class='ocrx_word' id='word_1_342' title='bbox 485 3533 530 3570; x_wconf 92' lang='lat' dir='ltr'>me</span> <span class='ocrx_word' id='word_1_343' title='bbox 547 3520 716 3583; x_wconf 86' lang='lat' dir='ltr'>promisero.</span> <span class='ocrx_word' id='word_1_344' title='bbox 736 3520 829 3584; x_wconf 88' lang='lat' dir='ltr'>siper</span> <span class='ocrx_word' id='word_1_345' title='bbox 848 3518 1009 3570; x_wconf 88' lang='lat' dir='ltr'>reverentia</span> <span class='ocrx_word' id='word_1_346' title='bbox 1026 3516 1072 3569; x_wconf 87' lang='lat' dir='ltr'>del</span> <span class='ocrx_word' id='word_1_347' title='bbox 1090 3530 1141 3567; x_wconf 92' lang='lat' dir='ltr'>suo</span> <span class='ocrx_word' id='word_1_348' title='bbox 1161 3516 1289 3580; x_wconf 84' lang='lat' dir='ltr'>principe</span> 
     </span>
     <span class='ocr_line' id='line_1_35' title="bbox 70 3596 1289 3666; baseline -0.002 -14"><span class='ocrx_word' id='word_1_349' title='bbox 70 3613 151 3652; x_wconf 92' lang='lat' dir='ltr'>eemo</span> <span class='ocrx_word' id='word_1_350' title='bbox 175 3598 220 3651; x_wconf 92' lang='lat' dir='ltr'>del</span> <span class='ocrx_word' id='word_1_351' title='bbox 244 3599 305 3657; x_wconf 62' lang='grc' dir='ltr'>ΒΜ,</span> <span class='ocrx_word' id='word_1_352' title='bbox 330 3600 409 3652; x_wconf 89' lang='lat' dir='ltr'>volcr</span> <span class='ocrx_word' id='word_1_353' title='bbox 431 3603 476 3651; x_wconf 84' lang='lat' dir='ltr'>lar</span> <span class='ocrx_word' id='word_1_354' title='bbox 499 3602 566 3666; x_wconf 92' lang='lat' dir='ltr'>ogni</span> <span class='ocrx_word' id='word_1_355' title='bbox 587 3602 681 3652; x_wconf 92' lang='lat' dir='ltr'>buona</span> <span class='ocrx_word' id='word_1_356' title='bbox 700 3602 877 3664; x_wconf 85' lang='lat' dir='ltr'>executione,</span> <span class='ocrx_word' id='word_1_357' title='bbox 899 3600 1085 3666; x_wconf 86' lang='lat' dir='ltr'>pregandomi</span> <span class='ocrx_word' id='word_1_358' title='bbox 1105 3600 1133 3649; x_wconf 93' lang='lat' dir='ltr'>io</span> <span class='ocrx_word' id='word_1_359' title='bbox 1153 3596 1174 3649; x_wconf 90' lang='lat' dir='ltr'>li</span> <span class='ocrx_word' id='word_1_360' title='bbox 1194 3611 1289 3650; x_wconf 84' lang='lat' dir='ltr'>raeco-</span> 
     </span>
    </p>
   </div>
   <div class='ocr_carea' id='block_1_7' title="bbox 67 3765 1292 4246">
    <p class='ocr_par' dir='ltr' id='par_1_8' title="bbox 67 3765 1292 4162">
     <span class='ocr_line' id='line_1_36' title="bbox 68 3765 1291 3832; baseline -0.003 -15"><span class='ocrx_word' id='word_1_361' title='bbox 68 3767 157 3832; x_wconf 85' lang='lat' dir='ltr'>gente</span> <span class='ocrx_word' id='word_1_362' title='bbox 177 3768 207 3816; x_wconf 87' lang='lat' dir='ltr'>et</span> <span class='ocrx_word' id='word_1_363' title='bbox 226 3765 410 3827; x_wconf 87' lang='lat' dir='ltr'>molti-dotti,</span> <span class='ocrx_word' id='word_1_364' title='bbox 431 3766 507 3817; x_wconf 85' lang='lat' dir='ltr'>intra</span> <span class='ocrx_word' id='word_1_365' title='bbox 526 3766 547 3816; x_wconf 92' lang='lat' dir='ltr'>li</span> <span class='ocrx_word' id='word_1_366' title='bbox 568 3765 644 3829; x_wconf 89' lang='lat' dir='ltr'>quali</span> <span class='ocrx_word' id='word_1_367' title='bbox 665 3771 732 3831; x_wconf 87' lang='lat' dir='ltr'>pere</span> <span class='ocrx_word' id='word_1_368' title='bbox 751 3767 831 3817; x_wconf 92' lang='lat' dir='ltr'>doio</span> <span class='ocrx_word' id='word_1_369' title='bbox 850 3767 894 3818; x_wconf 87' lang='lat' dir='ltr'>tre</span> <span class='ocrx_word' id='word_1_370' title='bbox 912 3780 968 3816; x_wconf 91' lang='lat' dir='ltr'>non</span> <span class='ocrx_word' id='word_1_371' title='bbox 988 3765 1154 3823; x_wconf 82' lang='lat' dir='ltr'>Lutberani‚</span> <span class='ocrx_word' id='word_1_372' title='bbox 1175 3777 1222 3815; x_wconf 89' lang='lat' dir='ltr'>ma</span> <span class='ocrx_word' id='word_1_373' title='bbox 1239 3776 1291 3828; x_wconf 90' lang='grc' dir='ltr'>ρον</span> 
     </span>
     <span class='ocr_line' id='line_1_37' title="bbox 68 3846 1290 3911; baseline -0.005 -11"><span class='ocrx_word' id='word_1_374' title='bbox 68 3861 155 3900; x_wconf 82' lang='lat' dir='ltr'>eausa</span> <span class='ocrx_word' id='word_1_375' title='bbox 173 3848 202 3898; x_wconf 94' lang='lat' dir='ltr'>di</span> <span class='ocrx_word' id='word_1_376' title='bbox 219 3847 303 3911; x_wconf 83' lang='lat' dir='ltr'>quell&#39;</span> <span class='ocrx_word' id='word_1_377' title='bbox 322 3847 394 3899; x_wconf 85' lang='lat' dir='ltr'>altre</span> <span class='ocrx_word' id='word_1_378' title='bbox 413 3849 502 3899; x_wconf 80' lang='lat' dir='ltr'>audeo</span> <span class='ocrx_word' id='word_1_379' title='bbox 520 3850 625 3900; x_wconf 89' lang='lat' dir='ltr'>lauteri</span> <span class='ocrx_word' id='word_1_380' title='bbox 644 3851 672 3900; x_wconf 94' lang='lat' dir='ltr'>di</span> <span class='ocrx_word' id='word_1_381' title='bbox 684 3849 801 3909; x_wconf 84' lang='lat' dir='ltr'>Luther,</span> <span class='ocrx_word' id='word_1_382' title='bbox 815 3862 882 3900; x_wconf 88' lang='lat' dir='ltr'>ever</span> <span class='ocrx_word' id='word_1_383' title='bbox 894 3849 946 3899; x_wconf 89' lang='lat' dir='ltr'>che</span> <span class='ocrx_word' id='word_1_384' title='bbox 964 3847 1112 3898; x_wconf 87' lang='lat' dir='ltr'>volentieri</span> <span class='ocrx_word' id='word_1_385' title='bbox 1131 3846 1290 3897; x_wconf 85' lang='lat' dir='ltr'>liarebbero</span> 
     </span>
     <span class='ocr_line' id='line_1_38' title="bbox 67 3927 1291 3995; baseline -0.005 -12"><span class='ocrx_word' id='word_1_386' title='bbox 67 3931 174 3983; x_wconf 77' lang='lat' dir='ltr'>reduto</span> <span class='ocrx_word' id='word_1_387' title='bbox 198 3944 253 3981; x_wconf 91' lang='lat' dir='ltr'>nen</span> <span class='ocrx_word' id='word_1_388' title='bbox 278 3931 302 3980; x_wconf 90' lang='lat' dir='ltr'>si</span> <span class='ocrx_word' id='word_1_389' title='bbox 325 3931 483 3995; x_wconf 85' lang='lat' dir='ltr'>publicasse</span> <span class='ocrx_word' id='word_1_390' title='bbox 508 3931 676 3983; x_wconf 89' lang='lat' dir='ltr'>altramente</span> <span class='ocrx_word' id='word_1_391' title='bbox 699 3932 811 3983; x_wconf 90' lang='lat' dir='ltr'>l&#39;edieto</span> <span class='ocrx_word' id='word_1_392' title='bbox 835 3933 863 3981; x_wconf 90' lang='lat' dir='ltr'>di</span> <span class='ocrx_word' id='word_1_393' title='bbox 886 3932 981 3982; x_wconf 83' lang='lat' dir='ltr'>Cesar.</span> <span class='ocrx_word' id='word_1_394' title='bbox 1004 3929 1167 3980; x_wconf 86' lang='lat' dir='ltr'>Tuttavoltn</span> <span class='ocrx_word' id='word_1_395' title='bbox 1187 3930 1216 3980; x_wconf 91' lang='lat' dir='ltr'>ct</span> <span class='ocrx_word' id='word_1_396' title='bbox 1235 3927 1291 3993; x_wconf 88' lang='lat' dir='ltr'>ipsi</span> 
     </span>
     <span class='ocr_line' id='line_1_39' title="bbox 67 4010 1292 4079; baseline -0.003 -14"><span class='ocrx_word' id='word_1_397' title='bbox 67 4016 222 4065; x_wconf 82' lang='lat' dir='ltr'>senserunt</span> <span class='ocrx_word' id='word_1_398' title='bbox 234 4027 298 4063; x_wconf 89' lang='lat' dir='ltr'>eum</span> <span class='ocrx_word' id='word_1_399' title='bbox 316 4014 406 4073; x_wconf 90' lang='lat' dir='ltr'>benis,</span> <span class='ocrx_word' id='word_1_400' title='bbox 421 4017 450 4065; x_wconf 87' lang='lat' dir='ltr'>ct</span> <span class='ocrx_word' id='word_1_401' title='bbox 468 4015 494 4064; x_wconf 92' lang='lat' dir='ltr'>io</span> <span class='ocrx_word' id='word_1_402' title='bbox 513 4016 597 4079; x_wconf 93' lang='lat' dir='ltr'>dopoi</span> <span class='ocrx_word' id='word_1_403' title='bbox 611 4016 719 4078; x_wconf 75' lang='lat' dir='ltr'>cliente</span> <span class='ocrx_word' id='word_1_404' title='bbox 737 4013 758 4063; x_wconf 89' lang='lat' dir='ltr'>li</span> <span class='ocrx_word' id='word_1_405' title='bbox 774 4015 831 4065; x_wconf 86' lang='lat' dir='ltr'>leci</span> <span class='ocrx_word' id='word_1_406' title='bbox 843 4013 881 4064; x_wconf 87' lang='lat' dir='ltr'>tal</span> <span class='ocrx_word' id='word_1_407' title='bbox 900 4013 1121 4065; x_wconf 87' lang='lat' dir='ltr'>demonstration</span> <span class='ocrx_word' id='word_1_408' title='bbox 1135 4012 1169 4062; x_wconf 91' lang='lat' dir='ltr'>dc</span> <span class='ocrx_word' id='word_1_409' title='bbox 1187 4010 1215 4062; x_wconf 92' lang='lat' dir='ltr'>le</span> <span class='ocrx_word' id='word_1_410' title='bbox 1226 4022 1292 4061; x_wconf 87' lang='lat' dir='ltr'>cese</span> 
     </span>
     <span class='ocr_line' id='line_1_40' title="bbox 67 4096 950 4162; baseline -0.002 -14"><span class='ocrx_word' id='word_1_411' title='bbox 67 4096 97 4148; x_wconf 90' lang='lat' dir='ltr'>di</span> <span class='ocrx_word' id='word_1_412' title='bbox 110 4097 228 4158; x_wconf 89' lang='lat' dir='ltr'>Luther,</span> <span class='ocrx_word' id='word_1_413' title='bbox 241 4098 294 4149; x_wconf 90' lang='lat' dir='ltr'>che</span> <span class='ocrx_word' id='word_1_414' title='bbox 306 4111 351 4149; x_wconf 88' lang='lat' dir='ltr'>me</span> <span class='ocrx_word' id='word_1_415' title='bbox 363 4111 469 4162; x_wconf 89' lang='lat' dir='ltr'>pareno</span> <span class='ocrx_word' id='word_1_416' title='bbox 484 4098 570 4148; x_wconf 89' lang='lat' dir='ltr'>molto</span> <span class='ocrx_word' id='word_1_417' title='bbox 583 4098 712 4148; x_wconf 86' lang='lat' dir='ltr'>conversi</span> <span class='ocrx_word' id='word_1_418' title='bbox 725 4096 781 4147; x_wconf 85' lang='lat' dir='ltr'>alla</span> <span class='ocrx_word' id='word_1_419' title='bbox 792 4098 886 4148; x_wconf 85' lang='lat' dir='ltr'>buono</span> <span class='ocrx_word' id='word_1_420' title='bbox 896 4097 950 4148; x_wconf 90' lang='lat' dir='ltr'>via.</span> 
     </span>
    </p>

    <p class='ocr_par' dir='ltr' id='par_1_9' title="bbox 99 4176 1286 4246">
     <span class='ocr_line' id='line_1_41' title="bbox 99 4176 1286 4246; baseline -0.006 -13"><span class='ocrx_word' id='word_1_421' title='bbox 99 4179 145 4233; x_wconf 86' lang='lat' dir='ltr'>He</span> <span class='ocrx_word' id='word_1_422' title='bbox 163 4182 233 4232; x_wconf 81' lang='lat' dir='ltr'>letto</span> <span class='ocrx_word' id='word_1_423' title='bbox 252 4182 337 4235; x_wconf 86' lang='lat' dir='ltr'>etiam</span> <span class='ocrx_word' id='word_1_424' title='bbox 354 4182 398 4232; x_wconf 83' lang='lat' dir='ltr'>lar</span> <span class='ocrx_word' id='word_1_425' title='bbox 416 4180 436 4232; x_wconf 93' lang='lat' dir='ltr'>li</span> <span class='ocrx_word' id='word_1_426' title='bbox 454 4181 578 4233; x_wconf 87' lang='lat' dir='ltr'>sermoni</span> <span class='ocrx_word' id='word_1_427' title='bbox 595 4194 646 4246; x_wconf 91' lang='grc' dir='ltr'>ρον</span> <span class='ocrx_word' id='word_1_428' title='bbox 666 4181 686 4230; x_wconf 92' lang='lat' dir='ltr'>li</span> <span class='ocrx_word' id='word_1_429' title='bbox 708 4181 801 4232; x_wconf 90' lang='lat' dir='ltr'>ordini</span> <span class='ocrx_word' id='word_1_430' title='bbox 823 4178 994 4232; x_wconf 85' lang='lat' dir='ltr'>mendicanti</span> <span class='ocrx_word' id='word_1_431' title='bbox 1016 4178 1044 4229; x_wconf 89' lang='lat' dir='ltr'>di</span> <span class='ocrx_word' id='word_1_432' title='bbox 1065 4178 1142 4231; x_wconf 85' lang='lat' dir='ltr'>detto</span> <span class='ocrx_word' id='word_1_433' title='bbox 1164 4176 1286 4245; x_wconf 87' lang='lat' dir='ltr'>Bruges,</span> 
     </span>
    </p>
   </div>
   <div class='ocr_carea' id='block_1_8' title="bbox 0 0 1621 5400">
    <p class='ocr_par' dir='ltr' id='par_1_10' title="bbox 0 0 1621 5400">
     <span class='ocr_line' id='line_1_42' title="bbox 0 0 1621 5400; baseline 0 0"><span class='ocrx_word' id='word_1_434' title='bbox 0 0 1621 5400; x_wconf 95' lang='lat' dir='ltr'> </span> 
     </span>
    </p>
   </div>
  </div>
 </body>
</html>
