3224 5400
686 464 937 518 AANHANGSEL

686 717 765 784 ‘1⁸4
790 708 928 800 (nar).

248 937 353 1007 1525,
371 930 509 997 hisdem
529 932 684 997 Utreent.
707 934 961 1021 Aanieekening
977 956 1056 1001 over
1067 935 1129 1001 den
1147 936 1341 1019 inquisiieur
1355 937 1410 1002 an

195 1034 234 1099 ‹le
260 1037 422 1102 Bonmont
446 1036 482 1101 oi
502 1038 543 1102 de
566 1037 664 1104 Bono
690 1040 816 1116 Monte,
844 1038 1048 1121 predikheer.
1075 1041 1176 1103 —In
1205 1040 1292 1105 1542
1314 1038 1411 1104 broidt

194 1139 414 1325 &eugenius
436 1139 483 1207 111
505 1138 590 1224 zijne
615 1139 853 1225 inquisitoriale
877 1140 986 1205 machi
1009 1160 1086 1205 over
1109 1142 1131 1206 ’t
1154 1140 1277 1206 bisdom
1301 1142 1409 1206 Kame·

230 1405 261 1456 F.
278 1406 412 1458 liebertus
424 1405 459 1460 de
472 1410 650 1461 Bonomonee.
671 1410 781 1469 Hanno,
803 1410 971 1463 valencenis
983 1410 1148 1462 adolescens
1165 1412 1294 1462 ordinem
1311 1413 1407 1475 proies·

196 1501 243 1537 sus
261 1492 304 1537 esi
323 1502 397 1538 anno
416 1490 530 1539 circiter
548 1491 781 1543 Mocccxcvll.
793 1532 798 1542 .
809 1531 831 1542 ..
855 1493 1022 1544 Haeretieae
1034 1494 1184 1556 pravitatis
1200 1493 1351 1557 inquisitor
1366 1507 1409 1557 per

195 1569 348 1620 dioecesim
367 1571 583 1622 Atrebatonsem
601 1573 705 1637 agebat
722 1586 795 1623 anno
809 1573 953 1635 MDXXV,
968 1575 1134 1637 amagisiro
1147 1575 1257 1623 ordinis
1270 1573 1408 1625 Franciseo

195 1650 332 1701 silvestro
354 1653 532 1703 Ferrariensi
554 1655 714 1715 institutus;
734 1668 789 1717 quo
807 1669 925 1706 munere
944 1669 1007 1704 cum
1025 1658 1141 1706 strenue
1159 1656 1338 1719 iungeretur,
1355 1657 1407 1720 eius

191 1733 354 1796 jurisdictio
372 1736 400 1783 et
420 1747 472 1797 per
492 1733 727 1785 cameracensem
748 1736 901 1786 dioecesim
920 1750 993 1785 anno
1014 1735 1152 1786 MDXLII
1174 1735 1258 1786 Pauli
1277 1736 1320 1787 III
1339 1737 1407 1786 vivae

192 1814 269 1864 vocis
289 1814 404 1864 oraculo
422 1818 540 1866 extensa
560 1816 675 1865 lule...
698 1817 776 1866 Obiit
793 1815 961 1867 valencenis
979 1830 1053 1867 anno
1072 1815 1205 1868 MDLVII
1219 1818 1266 1869 die
1277 1832 1297 1869 x
1308 1817 1405 1871 octob..

193 1896 380 1960 professionis
392 1896 451 1947 Lx.

455 2026 552 2085 Queiii
569 2042 605 2078 en
624 2029 746 2086 Echard,
761 2029 912 2095 Scriptores
925 2028 1035 2080 ordinis
1047 2027 1292 2091 Praedicatomm,
1305 2029 1364 2080 (leel
1375 2026 1405 2082 ΙΙ.

488 2107 540 2159 blz.
558 2107 614 2159 164.

683 2330 758 2397 nes
785 2322 923 2413 (leoli).

248 2544 352 2614 1526,
380 2538 543 2603 Jonuori
569 2546 629 2615 28,
658 2538 887 2623 anjnaarde
917 2537 979 2623 (bij
1006 2539 1118 2617 Geni).
1147 2531 1241 2597 Briei
1265 2553 1329 2597 van
1355 2531 1407 2596 den

192 2641 363 2727 gebennen
393 2643 517 2729 koning
545 2643 729 2712 Chrisiiern
756 2665 818 2708 van
842 2642 1065 2708 Denernarken
1092 2663 1154 2708 aan
1182 2642 1323 2720 Lethen,
1351 2647 1408 2708 met

193 2743 346 2831 bijgaand
366 2745 531 2831 schrijven
550 2768 611 2811 ean
637 2745 834 2829 Spoletinus,
851 2746 919 2810 hun
935 2746 991 2810 het
1008 2743 1188 2830 overlijden
1207 2743 1407 2811 berichlonde

194 2866 258 2912 van
288 2847 375 2934 zijne
402 2848 544 2933 gemalin
572 2846 723 2924 isabella,
752 2866 792 2933 op
818 2848 858 2912 19
881 2847 1017 2913 lanuari
1045 2846 1130 2914 1526
1152 2851 1184 2913 te
1209 2846 1406 2933 Zwijnaanie

192 2952 369 3035 gesiorven
389 2952 420 3014 in
439 2951 496 3015 het
518 2950 727 3035 evangeliseh
744 2947 863 3033 gelooi.
887 2986 917 2997 -
940 2948 1072 3035 Tijdens
1095 2949 1176 3013 hare
1199 2949 1311 3016 ziekte
1332 2947 1404 3015 zoni

193 3072 231 3117 ze
258 3072 320 3119 aen
346 3053 385 3117 de
402 3052 635 3138 Landvoogdes
652 3073 709 3117 een
727 3050 970 3128 smeekschrifi,
996 3049 1131 3138 waarbij
1151 3071 1187 3117 ze
1205 3053 1361 3118 verzochl
1373 3051 1406 3116 de

191 3154 330 3239 vrijheid
349 3160 447 3239 torug
465 3163 497 3221 te
513 3154 679 3220 schenken
696 3174 758 3218 aen
776 3155 816 3219 de
828 3171 988 3237 personen
1004 3157 1037 3218 te
1050 3154 1268 3238 Antwerpen‚
1284 3151 1405 3220 Brussel

194 3277 235 3322 en
254 3258 383 3322 Louren
400 3276 451 3322 om
468 3258 526 3322 het
544 3255 722 3340 Evangelio
738 3275 928 3340 gevangen3
948 3254 1031 3319 doeh
1048 3254 1128 3319 haar
1146 3255 1316 3341 sehrijven
1333 3252 1409 3322 bleei

195 3358 451 3424 onbeantwoord
481 3379 520 3424 en
551 3368 584 3424 ie
612 3361 742 3423 Leuven
773 3357 905 3421 werden
937 3355 977 3421 de
1007 3375 1220 3442 gevengenen
1253 3357 1406 3443 openbaar

193 3460 458 3546 tentoongesteld
484 3482 523 3526 en
549 3461 674 3544 bespot.
702 3461 788 3524 'loen
814 3458 878 3523 had
902 3458 987 3544 zijne
1010 3458 1150 3543 gemalin
1173 3478 1237 3524 aun
1256 3461 1297 3525 de
1313 3457 1404 3526 Lund-

193 3563 336 3648 voogdes
360 3563 443 3628 haer
466 3563 630 3649 sehrijven
654 3561 841 3637 herinnerd‚
862 3580 995 3644 waarop
1018 3561 1095 3626 deze
1117 3561 1183 3625 hen
1207 3563 1337 3648 ernstig
1358 3561 1405 3626 liet

195 3666 443 3732 waarsehuwen
462 3666 496 3729 in
520 3665 579 3730 het
596 3663 730 3747 vervolg
754 3683 817 3727 van
841 3662 1020 3750 dergelijke
1037 3663 1198 3747 pogingen
1222 3664 1262 3728 as
1281 3671 1316 3731 is
1330 3665 1401 3730 aien.

192 3768 240 3853 Op
258 3769 340 3834 hear
356 3766 500 3833 sterfbed
518 3767 580 3832 had
598 3766 738 3832 isabella
754 3767 795 3831 de
812 3768 1045 3852 vermaningen
1058 3786 1123 3832 van
1141 3765 1179 3831 de
1196 3767 1279 3832 door
1291 3769 1402 3833 Vrouu

194 3870 407 3954 Margaretha
441 3869 641 3954 afgezonden
674 3887 846 3953 perseum,
880 3869 930 3934 die
966 3870 1048 3934 haar
1079 3876 1129 3936 tot
1160 3869 1222 3936 het
1252 3866 1403 3936 Roomnl

194 3971 306 4058 geloof
317 3972 436 4036 wilden
454 3969 712 4056 terugbrengen‚
728 3969 983 4039 onbeantwoord
996 3973 1128 4058 galatea
1142 3993 1183 4039 en
1198 3988 1403 4039 nasonem

194 4073 330 4139 kelbaar
346 4072 504 4159 gebleren
523 4073 555 4138 in
572 4074 655 4138 haar
671 4073 778 4141 nieuw
796 4073 916 4158 gelooi.

228 4223 478 4276 Schweinhardiae
491 4225 519 4275 in
533 4224 671 4276 coenobio
684 4225 803 4286 quodam
816 4226 846 4275 in
858 4223 993 4276 Flandria
1004 4224 1172 4276 Germaniae
1190 4223 1353 4284 Inferioris,
1369 4223 1406 4274 die

193 4305 271 4358 xlx.
296 4305 428 4357 ianuarii
451 4305 522 4357 obiit
544 4306 710 4357 Elisabetha
731 4319 754 4355 s.
778 4305 909 4363 nahella,
934 4307 967 4358 1).
992 4306 1170 4366 Chrisiierni,
1196 4309 1277 4374 regis
1300 4309 1406 4364 Danor„

193 4387 313 4439 Suedor.
333 4389 363 4438 et
379 4388 552 4453 Norvegior.
571 4387 673 4445 exulis,
695 4386 760 4439 exul
782 4402 854 4439 uxor
871 4389 947 4453 apud
967 4387 1073 4439 liberos
1094 4387 1205 4445 exules,
1224 4393 1281 4441 etc.
1304 4390 1409 4443 obitum

192 4469 277 4534 hujus
295 4469 424 4534 reginae,
450 4471 480 4519 ut
504 4471 537 4520 D.
563 4469 601 4520 M.
625 4470 751 4524 liuthero
774 4470 815 4521 ita
836 4470 906 4522 mihi
929 4470 1049 4522 maritus
1074 4468 1108 4521 D.
1133 4469 1344 4532 Christiernus,
1365 4485 1409 4524 rex
