3224 5400
698 496 802 551 ANNO
823 495 887 548 1525
1374 495 1409 548 93

173 659 230 711 hoc
242 659 272 710 in
285 673 331 712 me
342 660 420 712 terre
432 660 586 724 noluerint,
600 663 631 711 ut
642 661 671 710 in
685 661 844 712 sacerdotio
862 660 1112 712 matrimonialiter
1124 663 1153 713 et
1164 660 1293 726 legitime
1305 662 1406 719 vivam,
1466 674 1469 685 ·

173 743 361 795 conversione
374 743 401 795 S.
415 743 497 794 Pauli
509 743 580 794 mihi
592 743 706 800 donata,
719 744 823 794 habeat
841 744 1045 805 Antichristus,
1059 766 1072 787 ιι
1085 745 1134 804 ait,
1154 764 1167 785 ι
1180 758 1262 795 suum
1279 745 1408 796 sacerdo·

173 826 256 887 tium,
269 827 299 877 et
311 826 434 877 dimittat
445 826 515 877 mihi
527 839 630 890 purum
648 825 754 877 Christi
770 827 995 888 matrimonium,
1014 828 1043 877 et
1060 827 1120 877 suis
1137 827 1245 878 tribuat
1263 828 1406 892 impurum

173 904 355 958 coelibatum.
370 931 382 951 n
402 907 454 957 His
472 909 501 958 et
518 905 583 957 aliis
603 920 639 957 ex
656 907 831 957 causiacum
851 906 1065 958 consulentibus
1084 922 1140 959 non
1158 909 1362 973 acquiesceret,
1376 911 1406 961 et

173 989 279 1055 dogma
288 989 481 1041 Lutheranum
490 990 666 1041 incessanter
674 990 853 1053 praedicaret
862 992 891 1040 et
900 990 1021 1048 teneret,
1028 991 1160 1042 mandato
1171 994 1200 1042 et
1208 993 1295 1043 citato
1303 993 1404 1044 eodem

172 1071 204 1121 in
215 1071 326 1122 curiam
344 1072 439 1123 venire
451 1085 537 1136 super
554 1072 599 1121 his
619 1072 759 1123 rationem
771 1072 929 1130 reddituro,
943 1073 1030 1131 venit,
1044 1076 1144 1138 captus
1162 1076 1191 1125 et
1202 1073 1327 1125 inclusus
1339 1075 1404 1126 tuit.

173 1151 229 1212 Qui
241 1154 309 1204 dum
321 1153 426 1204 ibidem
439 1156 595 1212 teneretur,
607 1167 659 1204 nec
671 1153 784 1205 resilire
796 1153 892 1211 vellet,
903 1168 920 1205 a
931 1155 1046 1206 domina
1059 1155 1222 1221 Margareta
1233 1156 1363 1207 dominus
1376 1158 1406 1207 et

173 1236 314 1302 magister
332 1235 456 1287 lacobus
476 1237 673 1301 suffraganeus
689 1237 816 1300 episcopi
835 1235 1040 1300 Trajeotensis,
1055 1239 1204 1303 episeopus
1221 1239 1405 1295 Ebronensis,

173 1318 202 1369 iu
215 1317 328 1384 Bagam
340 1332 357 1369 a
369 1318 500 1382 TraJ'eoto
513 1319 676 1378 accersitus,
696 1321 845 1383 postquam
863 1332 915 1382 per
928 1321 1100 1370 sententiam
1119 1321 1292 1372 definitivam
1303 1322 1407 1371 luisset

173 1401 388 1460 condemnatus,
409 1414 426 1451 a
446 1401 560 1451 domino
578 1401 738 1452 Ebronensi
759 1404 803 1451 est
823 1401 996 1467 degradatus
1014 1401 1043 1452 in
1062 1404 1224 1465 praesentia
1245 1403 1405 1467 aliquorum

173 1483 319 1546 abbatum,
330 1481 439 1534 scilicet
451 1483 486 1533 de
497 1485 638 1535 conventu
648 1482 676 1534 S.
688 1483 772 1533 Pauli
782 1484 810 1532 in
825 1483 968 1546 Trajecto,
981 1484 1015 1534 de
1027 1482 1175 1535 Laurentii
1188 1485 1217 1534 in
1231 1485 1407 1537 Oostbroecls

173 1566 203 1617 et
212 1565 241 1616 S.
250 1564 398 1616 Adelberti
410 1566 440 1616 in
452 1566 585 1630 Egmont.
596 1566 666 1616 Post
675 1566 908 1630 degradationem
921 1568 1015 1616 autem
1027 1567 1146 1616 traditus
1158 1568 1213 1617 luit
1224 1569 1321 1619 curiae
1330 1581 1406 1619 secu·

172 1646 227 1698 lari
240 1651 271 1699 et
281 1649 356 1698 iacto
369 1647 480 1699 solenni
492 1663 624 1700 sermono
642 1648 764 1713 publice,
784 1650 844 1698 toto
857 1648 978 1698 concilio
997 1649 1026 1698 et
1046 1650 1122 1699 omni
1139 1652 1248 1701 astante
1260 1650 1375 1714 populo,
1388 1665 1405 1702 a

173 1732 298 1794 quodam
309 1732 399 1781 tratre
418 1730 552 1782 Minorita
561 1732 723 1782 incenditur
735 1731 885 1795 congeries
904 1732 988 1796 ignis.
1004 1732 1162 1794 lnquiritur
1175 1745 1283 1790 rursus,
1301 1734 1325 1783 si
1338 1732 1406 1783 velit

173 1817 285 1865 mutare
297 1815 468 1864 sententiam
480 1818 509 1864 et
521 1815 648 1865 invenire
660 1828 759 1865 eorum
772 1815 905 1878 gratiam,
926 1814 1091 1878 respondit:
1104 1829 1202 1866 eorum
1215 1817 1336 1880 gratiam
1349 1830 1404 1866 non

173 1897 333 1960 requirere,
354 1897 468 1946 Domini
486 1897 628 1948 Creatoris
645 1897 768 1962 gratiam
788 1898 887 1960 petere
907 1910 937 1946 se
956 1896 1028 1947 velle
1046 1900 1075 1948 et
1091 1911 1142 1961 pro
1160 1898 1223 1961 ejus
1240 1896 1358 1951 veritate
1376 1901 1406 1950 et

173 1991 272 2029 sacrae
294 1979 457 2042 Scripturae
468 1982 589 2029 mortem
601 1982 781 2042 praesentem
795 1978 969 2034 desiderare,
983 1979 1218 2030 incinerationem
1235 1981 1280 2030 sui
1296 1981 1404 2031 tantum

173 2060 260 2110 unius
272 2059 360 2111 horae
372 2061 463 2126 spatio
475 2058 560 2112 lacile
569 2061 759 2122 contemnere,
772 2063 804 2111 ut
815 2061 849 2111 ad
864 2062 1053 2125 praesentiam
1067 2058 1187 2118 Domini,
1197 2063 1271 2113 sicut
1280 2064 1404 2127 optabat,

173 2144 273 2206 posset
290 2144 449 2206 pervenire.
472 2143 603 2193 induitur
623 2157 692 2208 ergo
713 2144 784 2194 tiava
805 2144 901 2193 tunica
919 2145 948 2193 et
965 2145 1079 2194 exuitur
1100 2144 1322 2195 sacerdotalibus
1345 2159 1406 2196 ves·

173 2225 267 2288 tibus;
281 2226 383 2287 quibus
395 2220 507 2285 ablatis,
521 2225 611 2275 dixit:
627 2245 639 2266 u
652 2226 717 2277 Jam
729 2240 842 2277 omnem
854 2239 949 2276 meum
964 2226 1095 2277 decorem
1109 2229 1137 2278 et
1148 2228 1405 2291 speciemperdidi,

176 2299 388 2370 floccipendens
411 2321 510 2358 earum
534 2307 716 2358 ablationem.
737 2332 749 2353 „
775 2309 902 2359 'landem
926 2309 961 2359 ad
990 2308 1086 2373 palum
1109 2308 1216 2374 ligatus
1240 2311 1332 2361 oravit
1353 2324 1405 2374 pro

176 2389 373 2440 occisoribus:
393 2410 405 2430 u
420 2389 540 2440 Domine
554 2413 577 2451 n,
597 2392 646 2449 ait,
670 2412 682 2431 a
697 2405 732 2442 ne
749 2392 857 2442 statuas
874 2391 933 2441 illis
951 2391 1005 2441 hoc
1026 2401 1174 2455 peccatum
1188 2415 1212 2450 n,
1231 2395 1260 2443 et
1279 2393 1405 2443 iterum:

175 2491 189 2512 ι
203 2469 239 2522 In
257 2485 355 2521 manus
374 2473 447 2533 tuas,
467 2472 597 2529 Domine,
617 2474 783 2524 commendo
801 2475 932 2538 spiritum
950 2487 1044 2524 meum
1057 2497 1080 2534 ι,
1094 2477 1123 2525 et
1139 2475 1263 2525 incensis
1280 2474 1402 2539 stipulis,

173 2554 287 2617 mappis
299 2555 328 2604 et
338 2553 489 2615 malleolis,
503 2555 569 2604 dum
581 2557 657 2620 ignis
669 2557 698 2606 in
710 2570 810 2620 pyram
822 2555 994 2613 elevaretur,
1009 2557 1123 2608 cantare
1135 2558 1229 2621 coepit
1243 2571 1249 2606 :
1269 2556 1303 2608 Te
1314 2559 1404 2609 Deam

173 2634 338 2699 laudamus,
362 2639 392 2687 et
415 2635 568 2688 inclamare
591 2638 700 2700 lesum,
725 2652 872 2701 quousque
895 2640 998 2702 potuit,
1028 2652 1079 2690 nec
1107 2640 1186 2703 prius
1210 2640 1328 2699 destitit,
1349 2641 1404 2690 nisi

173 2719 314 2769 suffocato
339 2731 369 2769 se
396 2719 430 2769 ab
461 2720 527 2784 igne
552 2722 580 2770 ct
599 2722 676 2770 fumo
701 2735 765 2771 cum
787 2735 856 2772 voce
884 2722 993 2785 pariter
1016 2723 1046 2772 et
1068 2721 1153 2772 vitam
1177 2723 1204 2773 ei
1227 2723 1403 2774 ademerunt.

174 2800 368 2865 Contigerunt
378 2800 449 2852 haec
461 2805 525 2866 post
537 2802 711 2854 nativitatem
724 2804 751 2855 S.
768 2802 876 2854 Mariae
888 2816 954 2855 ann.
976 2803 1047 2853 1525.

442 2934 566 2999 Kr=·=nijh
578 2950 631 2986 van
643 2934 693 2987 het
703 2935 829 2987 klooster
840 2935 875 2987 de
888 2936 986 2988 Bircltt
998 2938 1025 2988 te
1037 2937 1217 2988 Amersioort
1228 2936 1403 3001 (laet-1541),

474 3017 511 3080 bij
527 3017 696 3079 Matthaeus,
709 3016 903 3071 Fundationes
911 3026 935 3070 et
943 3020 1005 3087 fota
1011 3018 1208 3086 Ecclesiam,
1222 3019 1275 3071 blz.
1287 3019 1404 3071 sal-52³.

748 3223 841 3292 4¹1⁷.

219 3415 266 3507 (c.
297 3420 421 3498 1525?,
441 3419 669 3502 Mechelenlt.
688 3423 781 3492 Briei
795 3426 853 3492 der
870 3426 1104 3513 Landvoogdes
1120 3448 1181 3494 aan
1196 3428 1348 3498 Nicoieas
1363 3433 1404 3499 de

173 3524 343 3591 Montibus
363 3547 442 3592 over
458 3549 563 3594 eenen
580 3528 704 3607 letter,
726 3529 777 3593 die
794 3530 864 3595 niet
883 3534 932 3596 tot
948 3530 1064 3596 inheer
1079 3531 1133 3596 wil
1151 3531 1280 3601 komen.
1300 3577 1341 3589 -
1356 3536 1401 3622 Zij

173 3627 307 3695 beveelt
318 3630 393 3695 ham
407 3631 630 3718 onmiddellijk
645 3632 684 3697 de
704 3633 922 3720 godgeleerde
933 3635 1096 3701 Faculteit
1109 3633 1216 3722 bijeen
1234 3645 1266 3702 te
1283 3658 1403 3725 roepen

173 3751 226 3797 om
245 3752 324 3797 orer
340 3733 398 3798 het
422 3735 517 3818 geval
534 3741 568 3801 te
589 3735 836 3822 beraadslagen.
862 3738 927 3803 Het
952 3737 1069 3803 vonnis
1087 3746 1172 3804 moet
1196 3740 1278 3806 haar
1292 3746 1403 3827 toege·

174 3835 307 3901 zonden
324 3836 473 3903 worden.

310 3989 495 4057 Marguerite,
514 3995 568 4044 etc.

207 4107 379 4167 Venerable,
400 4109 460 4159 tres
482 4109 562 4160 chier
581 4111 610 4161 et
621 4110 686 4162 bien
700 4113 772 4169 ame,
786 4112 864 4164 Pour
876 4126 908 4164 ce
926 4127 980 4176 que
1001 4114 1130 4166 desirons
1143 4129 1197 4179 que
1215 4116 1242 4168 le
1254 4121 1354 4182 proces
1367 4120 1401 4174 de

173 4189 268 4256 yceile
280 4205 421 4255 personne
433 4190 539 4256 charge
550 4193 584 4243 do
597 4191 625 4243 la
634 4195 710 4244 secte
724 4194 758 4245 de
769 4193 872 4246 herisio
882 4194 1065 4249 lutherienne
1074 4199 1131 4249 soit
1142 4200 1233 4264 ruyde
1243 4203 1272 4251 et
1284 4203 1402 4266 expedia

173 4274 296 4325 attendu
307 4272 452 4339 salongue
462 4274 620 4335 detencion,
635 4277 664 4327 et
673 4276 731 4340 quil
750 4280 813 4328 nest
821 4279 1046 4343 vraysemblable
1054 4280 1111 4346 quil
1124 4295 1154 4332 se
1166 4282 1259 4334 vuelle
1269 4285 1403 4335 amender

173 4357 205 4407 et
216 4359 372 4408 retourner
383 4359 400 4408 a
410 4356 439 4408 la
450 4359 497 4423 loy
510 4359 545 4408 de
563 4360 660 4409 nostre
676 4360 753 4410 mere
775 4361 865 4411 sainte
877 4346 984 4427 Eglise,
998 4379 1069 4416 nous
1081 4379 1149 4415 vous
1165 4367 1324 4417 ordonnons
1336 4366 1402 4417 bien

174 4442 395 4503 expressdment
407 4453 461 4504 que
479 4442 657 4492 incontinent
668 4443 750 4505 apres
769 4441 797 4493 la
808 4445 954 4509 reception
970 4447 1006 4498 de
1017 4450 1109 4500 cestes
1121 4447 1246 4512 appellen
1258 4461 1321 4500 vers
1333 4462 1402 4499 rous

173 4520 262 4574 ceulx
275 4522 312 4573 du
324 4521 435 4588 college
447 4522 511 4574 dela
521 4523 641 4575 iacultez
650 4525 685 4574 de
695 4524 841 4591 theologie
853 4528 997 4581 ensemble
1010 4531 1047 4581 du
1059 4530 1135 4582 droit
1143 4544 1233 4582 canon
1243 4531 1281 4590 et,
1291 4544 1322 4583 se
1331 4545 1402 4583 mes-
