3188 5394
833 486 937 545 ANNO
954 478 1019 540 1515

879 711 970 780 442.

370 916 475 989 1525,
494 860 694 977 November
703 909 721 994 (
722 909 765 994 t),
786 908 958 976 aretem.
979 912 1120 979 Tweede
1141 911 1344 1001 uitvoeriger
1364 903 1541 976 antvoord

318 1038 381 1086 van
392 1017 512 1104 hertog
527 1017 627 1083 Karel
646 1037 708 1081 van
719 1013 917 1082 Gelderland
930 1036 969 1102 op
986 1016 1136 1083 Clemens
1149 1016 1213 1082 VII
1226 1015 1252 1081 ’0
1268 1011 1368 1091 breve
1384 1030 1467 1095 over
1482 1009 1540 1076 het

316 1120 439 1209 geding
459 1118 632 1206 hangende
655 1118 809 1185 tusschen
834 1119 909 1185 hem
931 1139 972 1184 en
996 1119 1059 1185 den
1085 1130 1196 1206 proost
1216 1138 1280 1185 van
1298 1118 1478 1183 Deventer.
1496 1148 1540 1163 -

317 1222 415 1292 Nooit
430 1220 521 1288 heeft
535 1220 581 1308 hij
599 1219 635 1286 ol
647 1241 706 1288 een
723 1220 826 1307 aijner
840 1220 1051 1288 ambtenaars
1067 1244 1104 1288 er
1116 1241 1179 1288 000
1193 1219 1338 1308 gedacht
1352 1217 1431 1285 dien
1447 1235 1543 1303 geas·

304 1324 431 1413 telijke
445 1329 479 1392 10
496 1321 696 1411 heleedigen,
716 1344 808 1391 maar
829 1323 874 1412 hij
900 1324 990 1392 heeft
1016 1346 1080 1392 een
1098 1323 1296 1410 rechtmatig
1310 1321 1434 1410 geding
1450 1319 1543 1404 inge·

317 1447 464 1516 apannen
491 1445 544 1493 om
569 1426 655 1514 sijau
682 1425 845 1513 goederen
872 1433 969 1515 terug
993 1433 1026 1495 te
1053 1427 1195 1515 hrijgen,
1225 1425 1333 1493 welhe
1360 1423 1543 1510 10010001

317 1529 590 1617 onrechtvaardig
605 1529 695 1597 heeft
711 1529 816 1597 bezet.
843 1531 970 1597 Verder
994 1529 1115 1598 vertelt
1130 1530 1170 1597 de
1187 1531 1313 1616 Hertog
1329 1527 1393 1595 hoe
1417 1526 1465 1615 hij
1491 1523 1543 1592 die

317 1633 478 1722 goederen
495 1633 645 1700 verloren
662 1633 762 1701 heeft.
788 1633 859 1700 Had
884 1633 924 1700 de
946 1636 1033 1701 Paua
1056 1634 1104 1701 dit
1127 1633 1208 1701 alles
1225 1638 1394 1719 geweten,
1411 1628 1460 1716 hij
1479 1627 1544 1695 had

318 1737 403 1825 aijne
430 1737 548 1804 1001010
575 1734 675 1803 breve
703 1736 773 1802 niet
799 1737 1015 1822 geschreven.
1047 1739 1091 1803 Ile
1119 1739 1247 1823 Hertog
1272 1734 1444 1821 vendedigt
1472 1730 1543 1798 rich

317 1847 414 1927 tegen
438 1838 479 1905 de
501 1837 685 1926 aantijging
700 1838 749 1905 als
764 1860 825 1906 nou
843 1840 887 1927 hij
906 1840 946 1906 de
962 1840 1175 1908 Lutheranen
1200 1838 1472 1906 ondersteunen:
1499 1832 1542 1920 hij

317 1944 373 2010 wil
390 1942 430 2010 de
446 1941 576 2029 letterij
595 1941 664 2008 niet
680 1948 746 2008 met
761 1943 890 2028 geweld
906 1964 971 2010 van
989 1963 1149 2030 vvapenen
1168 1940 1437 2020 ouderdrukken,
1452 1957 1545 2005 maar

317 2045 398 2115 door
421 2042 528 2133 wijn'e,
553 2043 887 2132 bezadigdewetten.
914 2047 967 2133 Hij
995 2046 1120 2134 eindigt
1144 2051 1210 2112 met
1226 2045 1284 2112 het
1307 2043 1464 2124 veraoek,
1489 2040 1545 2107 dat

318 2148 358 2217 de
374 2149 462 2216 Paua
478 2146 530 2214 die
546 2147 750 2235 verdenking
766 2168 830 2216 van
847 2150 979 2237 ketterij
996 2170 1056 2217 nou
1069 2150 1157 2217 laten
1171 2168 1288 2230 varen,
1304 2168 1346 2215 en
1358 2143 1546 2214 aoodoende

317 2250 394 2320 hem
408 2250 479 2319 0101
493 2249 639 2319 beletten
657 2271 721 2318 000
737 2251 803 2338 zijn
819 2254 916 2319 recht
931 2260 965 2319 te
981 2253 1111 2321 konnen.

317 2411 533 2482 1000110001οΝ
549 2420 575 2465 et
586 2410 671 2480 10000
686 2411 884 2482 supplicatoriis
901 2416 1042 2482 responsio
1055 2416 1165 2468 1000101
1181 2411 1260 2468 aaa
1275 2413 1334 2467 met
1341 2390 1547 2481 paoem

480 2508 564 2560 super
574 2494 654 2548 trane
665 2503 689 2548 ct
699 2497 802 2564 scripta
813 2497 966 2561 apostolico
977 2496 1016 2550 ad
1026 2501 1152 2565 01011001
1163 2513 1248 2552 auom
1261 2497 1372 2550 0001000.

353 2619 423 2672 Post
434 2619 661 2673 beatissimorum
672 2622 777 2686 pedum
797 2622 895 2675 000010
914 2625 1094 2677 devotissime
1115 2625 1243 2678 exhibita
1258 2620 1420 2675 humillime
1436 2633 1547 2674 recom-

319 2702 485 2755 mandamus
497 2718 548 2754 nos
558 2703 709 2755 sanctitati
721 2704 849 2757 Vestrae.
1526 2768 1529 2773 4

352 2784 520 2838 8001100100
538 2791 628 2850 00101.
651 2786 742 2839 Breve
763 2787 927 2840 Sanctitatis
946 2788 1064 2842 Vestrae
1083 2791 1220 2855 scriptum
1235 2803 1288 2854 pro
1307 2785 1468 2840 venerabili
1486 2786 1546 2837 viro

318 2866 451 2920 Johanne
467 2866 710 2934 Inghevvynchell,
722 2872 888 2934 praeposito
903 2871 1110 2932 Darentriensi,
1124 2874 1154 2924 et
1165 2870 1262 2923 datum
1274 2869 1385 2922 Romae
1396 2868 1460 2933 xiiij
1482 2868 1547 2935 Sep·

320 2951 438 3004 tembrls
446 2964 510 3003 cum
518 2963 553 3002 ea
561 2965 616 3015 qua
624 2952 768 3015 potuimus
775 2955 937 3005 reverentia
946 2956 1105 3020 accepimus
1114 2955 1184 3007 xxix
1192 2950 1546 3017 001011101010110010100·

320 3046 376 3098 000
392 3033 619 3099 0010000010010
632 3046 666 3084 00
680 3033 843 3084 sanctitatis
853 3033 972 3087 Vestrae
985 3034 1170 3098 voluntatem,
1184 3048 1240 3098 000
1248 3035 1327 3099 00011
1335 3033 1403 3085 boni
1416 3030 1545 3085 Pastoris

321 3128 390 3168 vero
407 3129 440 3166 ac
450 3115 525 3180 justo
537 3115 619 3180 iungi
631 3115 736 3178 officio,
757 3116 895 3178 0001000
908 3130 1020 3181 000000
1033 3131 1096 3168 cum
1109 3131 1210 3181 00000
1226 3130 1375 3181 possumus
1393 3115 1545 3167 devotione

321 3199 352 3250 01
362 3195 522 3249 humilitate
533 3196 717 3262 imploramus
735 3199 764 3248 et
782 3199 973 3263 obsecramus,
992 3206 1022 3250 ut
1038 3198 1105 3250 huic
1122 3203 1219 3250 nostro
1236 3212 1373 3264 responso
1391 3197 1545 3251 01110111

321 3280 392 3332 toria
411 3277 539 3347 legendis
559 3282 589 3331 01
609 3280 757 3331 audiendis
768 3279 912 3340 adhibeat,
933 3295 990 3333 non
1005 3282 1099 3333 minus
1116 3296 1200 3346 quam
1217 3294 1315 3334 eorum
1331 3280 1542 3332 informationi·

321 3360 375 3414 bus
385 3363 417 3414 et
426 3362 666 3428 persuasionibus,
686 3362 735 3425 001
757 3362 843 3414 breve
865 3363 948 3414 istius
969 3365 1167 3428 impetrarunt.
1186 3365 1245 3415 Nos
1264 3363 1340 3415 enim
1358 3376 1451 3428 00000
1469 3362 1543 3414 11010

321 3444 435 3498 domino
457 3445 618 3511 praeposito
641 3444 723 3495 nobis
744 3443 851 3508 alioqui
872 3445 1038 3496 charissimo
1063 3447 1102 3510 (et
1125 3447 1206 3498 cuius
1230 3459 1345 3511 operam
1362 3446 1392 3496 in
1416 3444 1542 3511 negociis

322 3527 428 3580 nostris
439 3525 633 3578 fidelissimam
645 3527 815 3590 quandoque
827 3528 939 3592 experti
951 3530 1058 3592 sumus)
1071 3541 1163 3591 neque
1175 3529 1277 3592 cuique
1289 3527 1398 3579 homini
1408 3527 1542 3593 precipue

321 3606 521 3662 ecclesiasticis
541 3611 569 3659 et
590 3607 737 3674 religiosis
757 3611 888 3673 personis
914 3611 1048 3661 iniuriam
1071 3623 1267 3674 quamcunque
1289 3611 1398 3661 1010110
1420 3619 1544 3673 unquam

320 3691 487 3758 cogitamus.
500 3690 649 3742 Actionem
662 3703 730 3742 vero
746 3692 851 3755 justam
865 3706 916 3742 nos
928 3693 1087 3757 suscepisse
1100 3706 1156 3743 non
1175 3692 1335 3743 dubitamus
1353 3691 1389 3743 ad
1406 3691 1544 3754 quaedam

321 3771 567 3838 bouapatrimcny
585 3775 615 3825 et
634 3774 753 3824 dominii
774 3775 865 3825 nostri
884 3776 1090 3840 recuperanda.
1109 3789 1180 3838 quae
1201 3776 1262 3840 ipse
1282 3788 1315 3826 ac
1326 3772 1543 3838 predecessores

323 3855 964 3921 0010100000111110000111000000011000010
984 3870 1073 3908 annos
1091 3855 1169 3908 nullo
1186 3857 1257 3907 iuris
1274 3856 1345 3908 recti
1363 3854 1447 3906 titulo
1465 3868 1544 3906 occu·

323 3935 667 4003 000010010111000010
686 3939 838 3990 ducatuum
858 3940 887 3990 01
904 3939 1094 3990 dominiorum
1118 3941 1279 3990 nostrorum
1301 3938 1377 3989 bona
1399 3938 1542 3998 distracta,

323 4019 448 4072 alienata
458 4020 488 4071 at
497 4019 685 4084 iniquissime,
697 4020 770 4084 proh
788 4020 882 4071 dolor!
902 4023 1019 4072 luerunt
1037 4024 1182 4084 occupata.
1202 4022 1271 4073 cnm
1288 4033 1356 4071 avus
1372 4022 1472 4072 noster
1488 4019 1544 4071 dux

321 4100 465 4155 Arnoldua
474 4101 612 4153 decimum
625 4103 756 4165 quartum
774 4103 875 4154 aetatis
896 4117 1000 4154 annum
1020 4104 1067 4153 vix
1086 4117 1174 4169 agens
1192 4103 1331 4153 dominari
1349 4102 1545 4167 1001001ομ01

320 4183 549 4236 consiliariorum
560 4197 676 4235 suorum
688 4183 732 4235 vel
745 4184 923 4250 negligentia
934 4185 977 4236 vel
995 4186 1119 4251 pertidia
1131 4185 1221 4237 multa
1232 4199 1288 4236 non
1306 4185 1375 4236 satis
1393 4185 1547 4252 diligenter

321 4267 444 4325 curaret,
462 4279 584 4328 moxque
602 4267 716 4331 genitor
733 4272 830 4318 noster
848 4269 904 4318 dux
921 4267 1069 4332 Adolphus
1087 4272 1187 4333 captus
1204 4270 1233 4319 et
1251 4269 1309 4319 vita
1326 4268 1546 4328 101000100001,

322 4345 440 4412 ipseque
452 4361 506 4414 ego
518 4361 590 4413 puer
601 4349 658 4399 iam
669 4349 860 4412 quinquennis
872 4364 936 4400 cum
947 4364 1047 4402 001010
1059 4351 1191 4415 00010001
1203 4352 1300 4401 statim
1317 4353 1417 4414 captus
1426 4353 1456 4401 01
1466 4349 1547 4402 11010-

325 4427 414 4481 ditate
424 4442 489 4482 mea
498 4432 618 4494 paterna
628 4429 766 4495 spoliatus
778 4445 850 4494 sum,
864 4445 897 4483 ac
908 4433 949 4483 sic
960 4433 1063 4498 viginti
1082 4433 1197 4484 omnino
1209 4446 1298 4484 annos
1310 4433 1339 4483 in
1357 4431 1445 4485 exilio
1463 4430 1548 4494 simul

325 4511 356 4571 01
374 4510 405 4564 10
424 4511 587 4578 captivitate
604 4526 667 4564 cum
688 4514 885 4580 transigerem,
904 4516 1030 4567 dominia
1047 4516 1171 4567 arbona
1190 4515 1306 4567 ditionis
1319 4518 1434 4569 nostrae
1451 4515 1549 4567 omnia
