3224 5400
693 491 946 545 Anuueuosuu

698 710 775 779 '182
801 704 938 794 (426118).

257 919 372 984 1525?
387 916 530 983 October
548 923 606 995 26,
627 919 732 985 unit.
754 923 846 988 Brief
860 943 921 987 van
947 923 1109 988 Theodor.
1139 923 1260 990 Hezius
1278 943 1342 990 aan
1365 924 1426 990 den

199 1022 404 1108 pauselijhen
428 1022 604 1089 secretaris
632 1025 757 1093 blosius
783 1046 862 1092 over
886 1026 943 1091 het
967 1025 1137 1092 varvullen
1161 1026 1265 1114 zijner
1288 1026 1428 1110 zending

198 1123 233 1190 in
256 1124 296 1189 de
319 1124 546 1191 Nederlanden
574 1131 622 1191 tot
646 1128 916 1211 ouderdrukhing
945 1148 1007 1209 van
1032 1127 1090 1192 het
1106 1127 1427 1194 schandaalmakend

198 1226 334 1312 getwiat
351 1227 505 1292 tusschen
523 1228 677 1293 Erasmus
702 1251 742 1294 en
767 1231 807 1296 de
833 1231 1043 1296 Leuvensehe
1067 1229 1307 1315 godgeleerden
1333 1230 1428 1296 Nico·
1532 1264 1534 1267 v

198 1329 267 1395 laas
304 1349 367 1394 van
410 1329 554 1414 Egmond
596 1350 635 1395 en
676 1333 868 1398 Vincentius
901 1353 965 1397 van
999 1331 1217 1418 Beverwijch.
1253 1370 1294 1380 -
1328 1331 1426 1396 Beide

197 1430 373 1496 mouniken
398 1431 465 1518 aijn
489 1452 566 1498 zeer
590 1431 822 1520 inschikkelijh
849 1442 995 1518 geweest
1019 1455 1060 1499 en
1086 1433 1213 1499 hebben
1242 1453 1281 1518 op
1306 1434 1425 1501 Hezius

196 1532 260 1597 den
276 1530 391 1598 besten
409 1533 530 1598 indruk
545 1536 711 1618 gemaakt‚
739 1536 893 1602 osschoon
920 1535 965 1622 hij
993 1542 1089 1621 tegen
1118 1538 1181 1601 hen
1209 1536 1426 1620 vooringeno·

198 1634 349 1700 manheid
366 1634 550 1702 koesterde.
570 1635 658 1703 Over
675 1638 841 1705 Erasmus'
866 1637 1189 1722 reehtgeloovigheid
1207 1659 1245 1703 en
1265 1637 1422 1704 sehriiten

197 1741 313 1822 oppert
341 1736 386 1823 hij
417 1736 622 1821 integendeel
648 1741 773 1805 allerlei
801 1740 1029 1818 vermoedens‚
1058 1740 1140 1806 doeh
1170 1739 1245 1804 doet
1273 1740 1330 1804 het
1358 1747 1424 1805 met

195 1837 237 1902 de
252 1843 374 1905 meeste
397 1841 744 1926 schroomvalligheid.
765 1845 831 1907 Ten
857 1843 956 1908 slotte
979 1841 1069 1926 geeft
1096 1842 1139 1927 hij
1166 1842 1228 1907 den
1253 1841 1345 1920 raad,
1365 1842 1422 1907 dat

196 1939 237 2005 de
254 1941 340 2006 Pana
357 1961 419 2006 aab
443 1941 484 2007 de
508 1942 742 2028 Landvoogdes
759 1944 817 2009 der
840 1944 1071 2011 Nederlanden
1095 1965 1136 2009 en
1160 1964 1221 2009 aen
1246 1943 1307 2008 den
1327 1943 1423 2009 16111-

195 2042 297 2107 scheu
326 2042 582 2128 prins-bissehop
611 2042 744 2111 brieven
778 2066 837 2112 nou
870 2046 1034 2129 schrijven
1069 2065 1147 2111 over
1177 2046 1235 2111 het
1264 2045 1420 2111 uitroeien

196 2143 257 2209 dar
273 2143 404 2231 ketterij
423 2146 455 2210 in
474 2145 585 2210 bunne
602 2153 784 2231 gewesten.

228 2280 430 2344 Superioribus
443 2282 550 2337 dicbus,
570 2284 663 2346 pridie
681 2297 765 2345 quam
783 2297 818 2333 ex
838 2283 914 2334 Urbe
926 2283 955 2332 16
969 2283 1090 2345 patriam
1107 2283 1291 2338 discederem,
1307 2284 1426 2342 tradidit

194 2362 266 2413 mihi
284 2362 445 2412 Dominatio
457 2363 490 2412 V.
510 2364 565 2413 duo
583 2364 761 2415 memorialia
777 2363 835 2416 le
854 2365 890 2415 Ι).
909 2364 964 2413 mei
982 2364 1108 2427 episcopi
1120 2363 1292 2414 Veronensis
1309 2365 1421 2420 dotarii,

194 2457 316 2507 quorum
334 2442 424 2494 altero
441 2443 505 2495 ΒΜ
523 2444 580 2495 Duo
592 2447 662 2499 eius,
683 2460 700 2496 a
716 2460 772 2509 qua
789 2449 819 2496 et
839 2446 1029 2509 subscriptum
1049 2447 1119 2500 erat,
1139 2444 1209 2494 mihi
1226 2446 1370 2497 mandavit
1387 2459 1423 2497 ex

193 2523 489 2589 portesmuham,
504 2529 652 2590 postquam
666 2527 821 2578 Lovanium
840 2528 988 2581 venissem,
1009 2528 1153 2578 studerem
1170 2540 1234 2576 eum
1252 2527 1423 2578 dexteritate

193 2609 224 2657 et
246 2606 352 2670 absque
376 2607 499 2658 tumultu
522 2609 632 2658 duobus
657 2607 714 2659 illis
740 2609 881 2673 theologis
907 2608 1091 2659 Lemniensis
1111 2608 1288 2662 Academiae,
1312 2608 1422 2658 Erasmi

193 2687 388 2745 Roterodami,
400 2692 433 2739 ut
443 2690 504 2752 ipse
517 2690 656 2752 queritur,
668 2691 886 2745 traductoribus,
899 2691 1081 2754 Egmondano
1094 2691 1208 2752 inquam
1222 2693 1250 2738 61
1262 2688 1421 2744 1116666116,

192 2768 341 2820 silentium
360 2773 390 2820 et
410 2770 609 2821 abstinentiam
628 2771 662 2821 ab
681 2771 759 2821 illius
777 2772 1031 2822 obtrectationibus
1049 2772 1246 2832 morsibusque
1264 2770 1421 2832 imponere.

192 2849 293 2901 Altero
314 2864 391 2909 vero,
411 2853 484 2914 quod
503 2852 694 2915 subscriptum
716 2866 773 2902 non
794 2854 857 2911 luit,
876 2853 948 2902 mihi
965 2853 1082 2915 proprio
1101 2853 1215 2902 nomine
1233 2851 1374 2901 commisit
1394 2853 1424 2902 et

192 2931 318 2982 iniunxit
341 2935 372 2982 ut
394 2933 468 2996 apud
489 2933 690 2994 Louanienses,
712 2934 747 2983 ad
769 2947 839 2996 quos
859 2934 1010 2997 spectaret,
1032 2933 1174 2983 efficerem
1195 2935 1227 2982 ut
1249 2933 1284 2982 D.
1305 2931 1421 2985 ,iuliano

194 3012 299 3064 Baccio
318 3013 352 3063 de
371 3013 500 3078 Organis,
521 3015 656 3065 familiari
674 3029 735 3073 suo,
755 3015 920 3077 pensionem
938 3014 1078 3076 quandam
1096 3028 1133 3063 xx
1151 3015 1255 3072 ducat,
1274 3012 1318 3063 illi
1335 3027 1422 3077 super

191 3095 334 3146 fructibus
362 3096 545 3146 canonicatus
574 3100 603 3146 et
631 3096 811 3159 praebendae
840 3094 1009 3158 collegiatae
1040 3094 1177 3145 eeclesiae
1207 3096 1235 3145 S.
1266 3094 1421 3145 Salvatoris

192 3176 423 3234 Harlebecensis,
442 3176 631 3228 Tornaeensis
652 3178 801 3234 dioecesis,
825 3178 1008 3237 reservatam,
1029 3175 1133 3225 salvabi
1152 3179 1181 3225 et
1199 3177 1340 3240 integram
1359 3190 1421 3226 esse

192 3259 328 3310 iuberent
338 3271 391 3321 per
407 3257 488 3308 illum
501 3260 668 3323 magistrum
681 3261 716 3309 de
728 3259 839 3323 gremio
851 3272 913 3314 suo,
927 3259 974 3319 qui
987 3271 1017 3307 se
1036 3257 1063 3306 in
1078 3257 1167 3307 dictos
1179 3259 1375 3307 cainonicatum
1393 3263 1423 3308 et

190 3339 567 3405 praebendamintrusisset.
587 3339 696 3390 Horum
715 3341 810 3402 itaque
828 3339 1024 3388 mandatorum
1043 3352 1152 3388 memor
1163 3353 1227 3402 ego,
1246 3339 1324 3389 illico
1337 3340 1422 3401 atoue

191 3421 349 3473 Lovanium
366 3422 441 3482 veni,
459 3422 494 3472 de
513 3424 633 3484 utroque
652 3423 779 3486 negocio,
796 3423 931 3484 quantum
949 3422 1008 3470 tum
1028 3421 1138 3483 tempus
1155 3421 1266 3471 larebat
1283 3423 1312 3471 et
1329 3421 1358 3470 in
1377 3433 1422 3471 me

191 3504 265 3563 erat,
279 3503 391 3554 locutus
403 3516 464 3553 sum
478 3505 507 3554 et
518 3504 651 3554 mandata
665 3517 736 3562 mea,
751 3503 853 3565 quibus
865 3500 949 3551 debui
962 3502 991 3551 et
1002 3502 1092 3564 potui,
1106 3502 1234 3563 exposui.

224 3585 271 3644 Et,
293 3586 325 3635 ut
343 3584 422 3648 prius
442 3585 478 3635 de
501 3585 591 3647 priori
615 3587 645 3634 et
668 3583 865 3648 principaliori
889 3581 998 3645 loquar.
1023 3582 1079 3632 adii
1102 3581 1292 3645 personaliter
1315 3582 1422 3632 dictum

191 3667 419 3732 Egmondanum,
433 3666 516 3728 eique
531 3665 671 3716 declaravi
684 3668 712 3715 61
725 3663 867 3728 querelas,
881 3678 953 3727 quae
970 3664 1005 3714 ad
1024 3662 1104 3714 smum
1117 3663 1152 3713 D.
1166 3664 1200 3718 N.
1215 3664 1249 3715 de
1261 3679 1295 3714 eo
1309 3662 1421 3715 delatae

190 3749 323 3803 luissent,
346 3750 375 3798 et
394 3747 462 3810 quid
482 3747 539 3796 Sua
559 3747 605 3797 8³³
628 3760 713 3810 super
734 3747 770 3796 iis
792 3745 827 3796 ab
848 3760 882 3796 eo
903 3746 965 3796 fieri
987 3745 1083 3802 vellet,
1108 3745 1253 3808 explicans
1272 3748 1301 3796 et
1320 3754 1421 3797 causas

191 3828 388 3886 rationabiles,
398 3841 470 3890 quae
482 3829 601 3879 eandem
615 3829 670 3879 sem
682 3828 717 3879 ad
729 3829 770 3878 ita
780 3827 932 3878 volendum
944 3830 974 3878 et
985 3827 1217 3890 praecipiendum
1226 3827 1419 3885 adduxissent,

192 3923 318 3974 ususque
329 3923 392 3961 sum
404 3923 456 3973 per
468 3911 563 3960 omnia
581 3910 683 3965 verbis,
704 3923 776 3972 quae
794 3908 938 3959 hominem
957 3908 1078 3959 delinire
1096 3910 1293 3971 potiusquam
1304 3909 1420 3960 irritare

190 3993 323 4057 possent;
347 3991 448 4054 quibus
470 3990 520 4042 ille
545 3987 648 4042 auditis
672 4004 737 4042 mox
760 3991 822 4040 sine
846 3988 905 4040 ulla
928 3990 1117 4040 haesitatione
1142 3990 1316 4053 respondit:
1346 3989 1420 4041 velle

190 4088 232 4130 se,
253 4073 297 4124 uti
317 4073 422 4123 bonum
446 4074 476 4124 et
500 4072 679 4123 obedientem
700 4070 790 4121 fllium
810 4071 858 4122 see
877 4070 1040 4121 Catholicae
1062 4073 1091 4121 et
1110 4069 1256 4122 Romanae
1277 4070 1421 4123 Ecclesiae

191 4155 311 4217 eiusque
338 4155 462 4218 pastoris
490 4155 520 4204 et
547 4152 685 4216 principis
714 4151 820 4202 Christi
848 4153 947 4202 vicarii
976 4152 1101 4214 deceret,
1126 4165 1178 4215 per
1202 4153 1297 4203 omnia
1319 4166 1421 4217 parere

190 4234 332 4287 mandatis
344 4232 517 4298 apostolicis,
531 4235 667 4295 quantum
679 4247 743 4283 oum
756 4233 816 4283 Deo
829 4235 858 4283 et
870 4232 948 4283 salva
965 4232 1132 4297 integritate
1148 4232 1215 4283 fidei
1228 4246 1260 4282 ac
1272 4233 1421 4299 roligionis

191 4317 305 4381 posaet3
324 4329 377 4367 nec
397 4316 546 4378 quicquam
568 4314 707 4371 dubitare,
730 4314 797 4376 quin
822 4314 870 4365 8¹¹⁸
891 4314 925 4364 Ι).
947 4313 983 4363 Ν.
1005 4314 1079 4363 bono
1101 4315 1130 4364 et
1149 4314 1282 4377 prudenti
1301 4313 1420 4364 consilio

193 4411 263 4450 usus
291 4397 346 4448 sibi
373 4394 517 4448 silentium
546 4395 583 4446 de
611 4395 729 4446 Erasmo
758 4395 961 4458 imponendum
992 4396 1158 4449 censuisset,
1190 4393 1318 4458 velleque
1349 4395 1421 4447 iilud

194 4480 314 4534 eatenus
344 4490 458 4528 servare
490 4480 631 4540 quatenus
659 4477 687 4528 S.
718 4477 751 4528 1).
782 4477 817 4528 Ν.
850 4478 999 4529 mandasse
1029 4478 1168 4532 crederet,
1203 4477 1233 4527 id
1263 4479 1314 4534 est,
1345 4481 1379 4549 ut
1403 4491 1421 4530 a
