3188 5394
703 467 806 521 ANNO
827 466 889 518 1527

750 685 840 756 6¹15.

240 886 344 958 1527,
365 881 523 951 Brussel.
546 887 798 975 Aanteelrening
813 911 876 956 666
895 888 1157 977 dentijdgenoot
1179 887 1314 974 Viglins
1338 905 1421 952 over

73 1069 75 1072 Α
188 985 228 1051 de
242 985 312 1052 dria
328 988 518 1074 algemeene
541 991 752 1076 inquisileurs
777 1013 819 1058 en
841 993 874 1057 in
891 994 914 1059 't
931 990 1099 1078 bijzonder
1123 1010 1202 1057 over
1226 989 1265 1057 de
1291 989 1419 1056 haude-

188 1087 298 1175 lingon
323 1110 388 1158 vau
411 1094 563 1162 Nicolaas
587 1095 722 1180 Coppin,
750 1095 801 1161 die
829 1095 943 1161 aldaar
973 1113 1138 1179 ongeveer
1161 1092 1269 1178 zestig
1289 1091 1420 1158 ketters

187 1191 317 1273 stralte,
336 1194 376 1260 de
393 1216 494 1263 eenen
521 1205 587 1265 met
608 1199 665 1264 het
680 1218 778 1276 vuur,
797 1197 837 1263 de
854 1198 997 1263 anderen
1016 1217 1057 1282 op
1072 1196 1195 1261 andere
1212 1195 1324 1283 wijze.

223 1329 340 1381 ...Tres
351 1332 418 1383 lacti
430 1337 496 1385 sunt
512 1335 654 1399 pontilicis
672 1347 811 1384 consensu
823 1334 1007 1396 inquisitores
1022 1345 1028 1382 :
1041 1332 1221 1397 praepositus
1232 1330 1377 1395 Yprensis
1389 1330 1419 1380 in

186 1409 322 1462 Flandria
333 1414 362 1463 et
373 1417 540 1480 regionibus
553 1417 686 1475 finitimis,
700 1416 879 1479 praepositus
892 1415 1001 1466 ordinis
1013 1412 1191 1466 scholarium
1208 1413 1238 1463 iu
1250 1412 1419 1472 Hannonis,

186 1489 310 1543 decanus
331 1493 515 1548 lovaniensis
532 1499 561 1548 in
580 1498 776 1548 Brabuntiaet
796 1496 958 1553 Hellandia.
977 1496 1058 1559 cujus
1075 1493 1214 1559 postremi
1229 1493 1317 1545 multi
1336 1495 1420 1545 actus

187 1573 368 1638 exstiterunt,
381 1591 446 1628 cum
459 1579 527 1630 alibi
540 1581 598 1630 tum
612 1580 734 1630 maxime
753 1576 907 1636 Bruxellis,
921 1578 969 1628 ubi
982 1590 1055 1628 auno
1068 1575 1203 1626 vicesimo
1216 1575 1341 1640 septimo
1353 1576 1422 1640 post

187 1653 370 1708 millesimum
383 1661 644 1726 quingentesimum
656 1661 807 1725 sexaginta
818 1659 903 1723 paulo
915 1659 980 1724 plus
993 1658 1086 1709 minus
1098 1658 1238 1709 haeretici
1249 1657 1328 1722 capti
1339 1658 1420 1715 sunt,

186 1748 307 1798 quorum
319 1738 368 1789 alii
380 1744 484 1806 exusti,
498 1743 548 1794 alii
561 1743 625 1794 aliis
636 1742 784 1807 suppliciis
796 1743 939 1807 castigati.

449 1855 596 1910 nemnem
618 1857 653 1909 de
675 1854 781 1921 Viylius
798 1864 823 1908 ot
840 1855 1026 1924 d’liopperuo,
1045 1857 1218 1922 uitgegeven
1236 1855 1310 1905 door
1327 1851 1417 1916 Alph.

481 1938 616 1991 Wauters
628 1938 724 2005 (1858),
736 1938 790 1989 blz.
806 1938 863 1989 130.
875 1966 908 1976 -
925 1938 959 1990 16
972 1939 1007 1990 de
1019 1937 1163 1989 Fransche
1180 1935 1325 2000 verialiug
1344 1933 1418 1984 leest

480 2021 629 2073 mendene
647 2022 738 2087 plaats
751 2021 792 2072 als
804 2018 986 2087 volgum,
1005 2019 1058 2071 blz.
1078 2019 1156 2082 itm:
1177 2038 1188 2065 ι
1207 2017 1292 2070 ...Et
1307 2016 1416 2082 princi·

480 2104 625 2167 pulemont
636 2103 719 2168 celuy
728 2102 766 2170 [le
776 2102 880 2169 doyen]
892 2103 927 2154 de
940 2102 1075 2161 Louvain,
1089 2102 1138 2165 qui
1150 2114 1234 2167 aussy
1243 2113 1299 2165 par
1306 2099 1416 2163 charge

481 2185 517 2237 de
533 2185 636 2237 indicte
654 2186 736 2236 dame
754 2184 930 2250 Marguerite
947 2184 1014 2236 ieist
1030 2182 1173 2247 plusieurs
1191 2183 1271 2234 actes
1284 2177 1415 2232 notsbles

480 2281 532 2332 par
549 2270 612 2318 tout
626 2266 654 2318 lc
666 2267 758 2318 ducite
774 2268 809 2318 de
827 2267 963 2328 Erebuni,
973 2266 1066 2317 comte
1078 2263 1249 2316 d’Hollande
1261 2265 1292 2314 et
1303 2261 1415 2327 specia-

480 2349 588 2401 lement
599 2348 784 2405 sssruxelles
805 2350 841 2399 ou
861 2347 943 2411 qu’en
962 2347 1017 2398 l’an
1035 2359 1112 2398 xxvu
1129 2346 1226 2398 iurent
1244 2345 1363 2396 traictez
1380 2356 1413 2395 66

479 2432 591 2495 justice,
620 2432 713 2495 partie
741 2432 922 2491 condemnes,
951 2428 1044 2494 partie
1075 2441 1176 2481 recena
1205 2429 1222 2480 a
1249 2425 1410 2492 penitense.

480 2515 597 2578 jusques
608 2515 625 2565 1
636 2514 765 2565 soixante
777 2525 932 2577 personnes
949 2513 979 2564 et
991 2511 1158 2577 davautsge.
1172 2531 1185 2555 n

750 2730 841 2798 6¹76.

240 2928 353 3001 1527Ἰ
362 2923 519 2992 Bmoset.
537 2924 717 2992 Uittreksel
736 2925 783 2992 uit
798 2924 895 2991 Hooft
911 2925 935 2988 's
951 2920 1253 2994 Needertondscte
1272 2919 1408 2985 Histoe·

186 3025 264 3093 rien
279 3027 397 3114 (1642)
413 3048 492 3094 over
508 3028 548 3093 de
564 3027 857 3093 werkzaamhoden
883 3046 947 3093 van
965 3026 1027 3091 den
1045 3024 1238 3109 inquisiteur
1261 3020 1410 3086 Nicolaas

186 3129 321 3215 (loppin,
341 3129 445 3196 dolien
463 3151 527 3196 666
544 3131 689 3208 Locren,
709 3134 741 3196 te
762 3129 906 3196 Brussel.
931 3167 962 3175 -
988 3127 1110 3194 Aldaar
1124 3125 1257 3192 worden
1274 3124 1308 3189 in
1325 3120 1408 3188 1527

187 3231 252 3297 wel
268 3233 373 3317 sestig
389 3253 550 3317 personeu
570 3239 618 3298 tot
635 3231 873 3317 boetedoening
891 3230 1112 3297 veroordeeld.

284 3369 353 3421 Drie
377 3369 536 3421 bezondere
562 3370 747 3432 inquisiteurs
768 3382 881 3421 waareu
902 3368 1017 3435 gestelt,
1039 3367 1087 3420 elk
1110 3368 1139 3418 in
1164 3382 1217 3433 zyu
1239 3367 1410 3421 bescheiden

186 3451 300 3515 bedriji‚
318 3451 490 3515 uaamelyk:
510 3453 545 3503 de
556 3453 656 3515 proost
672 3466 723 3503 van
743 3453 777 3503 de
795 3451 960 3502 kanonikeu
975 3448 1129 3516 Regeliers
1140 3463 1194 3500 van
1206 3449 1314 3514 Ypere,
1328 3463 1411 3501 oover

185 3531 364 3584 Vlesndereu
384 3545 420 3583 66
440 3531 656 3598 d'omleggeude
673 3532 858 3596 landdouwe3
877 3534 912 3584 de
932 3535 1032 3597 proost
1049 3544 1101 3582 van
1128 3530 1163 3582 de
1184 3529 1353 3583 Scholiereu
1371 3532 1411 3582 161

188 3614 323 3679 Besgheu
335 3615 364 3665 in
385 3614 560 3679 Heuegouw‚
582 3628 669 3666 oover
689 3616 736 3666 dat
753 3618 862 3681 gewest
882 3628 917 3666 en
940 3615 1008 3665 daar
1029 3614 1162 3676 ontrent3
1184 3613 1220 3664 de
1240 3613 1336 3665 dekeu
1359 3626 1411 3665 666

187 3696 301 3748 Looveu
321 3709 408 3748 cover
429 3695 585 3760 Brabaudt,
609 3696 745 3748 Hellandt
768 3711 802 3748 en
832 3698 948 3748 audere.
970 3696 1050 3747 Eude
1071 3697 1148 3746 werd
1177 3696 1410 3761 doorgedreeven

187 3779 216 3829 in
237 3778 257 3829 ’1
276 3777 334 3829 Η61
355 3791 410 3829 van
432 3777 548 3838 1166666,
574 3780 623 3829 (161
642 3779 727 3830 deese
747 3779 809 3830 drie
828 3778 1055 3843 persoouaadjen
1073 3777 1132 3828 hun
1149 3777 1228 3841 ampt
1246 3776 1410 3840 behielden‚

187 3859 305 3911 waarin
324 3859 383 3911 hun
401 3861 516 3912 needert
533 3873 605 3926 gaen
624 3861 845 3926 teeghcnstandt
862 3861 1028 3911 outmoette.
1048 3859 1101 3910 Die
1118 3871 1173 3910 van
1190 3858 1307 3911 Locren
1327 3860 1410 3916 rond.

186 3941 701 4007 (1661116661(166166116663116666,
715 3942 883 3994 1661666616
900 3944 928 3993 te
946 3941 1120 3993 berechten:
1134 3939 1359 4005 voorneemelyk
1371 3942 1412 3992 tot

186 4021 313 4085 Brussel,
342 4024 421 4088 datu,
443 4024 473 4075 iu
497 4023 517 4074 ’t
537 4025 600 4088 jaar
622 4023 861 4088 vyitienhonderd
885 4021 1171 4088 zeevenentwintigh,
1195 4021 1249 4074 661
1280 4020 1408 4087 t’sestigh

184 4119 343 4169 persoonen
367 4105 515 4157 cenedeels
538 4118 711 4162 verweezen,
736 4104 883 4156 eeusdeels
912 4106 955 4155 tot
982 4103 1232 4170 boetvaardigheit
1254 4104 1410 4169 ontiaugen

185 4186 310 4239 werden.

447 4302 480 4352 P.
499 4301 529 4351 (2.
549 4301 645 4360 Hoott,
660 4297 904 4353 Noodotondscto
918 4301 1088 4360 Hotoman,
1101 4298 1155 4351 blz.
1171 4297 1262 4349 aaut
1276 4326 1310 4338 -
1322 4299 1407 4365 Blijk·

481 4383 549 4434 bsar
561 4382 626 4433 trok
638 4380 727 4433 116611
738 4382 810 4446 nljue
828 4383 1038 4449 aauteekening
1050 4383 1094 4434 uit
1109 4382 1144 4433 de
1156 4381 1406 4447 gedenkschriiteu

479 4478 532 4516 vau
544 4463 655 4534 Viglius
668 4476 703 4515 eu
716 4463 876 4532 Hopperus.
889 4465 947 4530 (Zia
958 4464 1009 4518 het
1019 4464 1200 4534 voorgaande
1212 4462 1300 4529 stuli.)
