3224 5400
398 524 446 577 1⁸2
832 523 938 578 ANNO
956 521 1031 584 1588,
1050 521 1194 576 imitas

395 688 526 753 personis
542 686 707 740 eorumdem
717 687 769 754 (iit
781 688 854 739 Nam
871 688 903 739 ut
918 700 1018 739 verum
1035 689 1080 740 est
1096 687 1175 752 ipsos
1191 686 1283 740 iuisse
1300 688 1456 754 deputatos
1472 688 1521 741 sub
1540 710 1561 724 ·»
1584 705 1586 708 ’

396 770 533 835 prepositi
552 772 582 821 et
597 770 703 834 prioris
720 770 782 821 sine
799 770 907 835 proprij
927 768 1050 821 nominis
1068 769 1267 834 expressione,
1278 769 1322 822 its
1332 769 1518 822 meminus
1547 796 1563 813 ν·
1581 803 1584 814 2

396 851 459 914 ipse
475 851 507 902 L.
520 850 679 902 dardinslis
692 851 821 915 attestmj
835 850 1051 902 sanctissimum
1063 863 1096 902 so
1108 862 1141 902 se
1152 849 1289 904 habuisse
1300 850 1438 904 tiducism
1451 852 1482 904 in
1492 865 1532 916 eo,
1546 877 1549 893 ι

396 932 450 996 ipsj
464 945 497 982 so
509 932 601 982 dictus
613 931 759 998 theologie
775 933 922 996 professor
940 932 976 983 N.
994 931 1094 996 copin,
1108 931 1243 990 decenus.
1256 932 1390 998 ipsorum
1402 932 1519 1000 collegs.
1535 958 1538 973 ι

397 1030 474 1066 ιιιιιιιι
484 1016 608 1066 tuissent
618 1017 694 1079 apud
704 1018 854 1079 utrumque
870 1016 998 1079 ipsorum
1009 1015 1200 1080 commendati
1213 1015 1250 1068 de
1261 1016 1444 1083 integr-itote,
1461 1017 1572 1071 soleris

396 1110 494 1148 rerum
516 1097 708 1162 gerendarum
728 1096 908 1148 dexteritate.
935 1094 1009 1148 Sene
1038 1095 1135 1147 Psuor
1165 1097 1195 1147 et
1217 1097 1284 1161 post
1303 1110 1372 1149 earn
1394 1097 1497 1150 Decius
1521 1124 1524 1139 ι
1548 1124 1561 1136 ι

397 1192 483 1241 quum
512 1178 598 1229 abbas
626 1179 661 1230 de
691 1178 784 1228 officio
813 1176 905 1242 deleg.
935 1177 1034 1229 dicunt
1063 1177 1098 1228 ad
1123 1177 1368 1243 cognoscendum,
1399 1192 1436 1231 sn
1463 1193 1513 1231 con
1526 1204 1535 1220 ι

396 1260 434 1310 sit
449 1258 618 1323 personalis,
636 1260 678 1311 ita
693 1262 724 1310 vt
740 1260 926 1324 extinguatur
940 1272 1005 1309 cum
1016 1271 1152 1323 persona,
1165 1271 1201 1310 sn
1212 1271 1282 1311 vero
1293 1258 1394 1323 redis,
1406 1261 1487 1313 itast
1502 1282 1508 1296 ·
1539 1286 1541 1301 =

396 1340 432 1392 sd
451 1353 629 1392 successores
649 1341 679 1392 in
699 1341 849 1406 dignitate,
870 1353 927 1391 uon
947 1341 1005 1392 tem
1025 1341 1070 1392 est
1090 1339 1296 1392 attendendum
1315 1343 1354 1393 sd
1372 1343 1487 1394 nomina
1510 1366 1514 1385 ι

395 1421 441 1473 vel
452 1421 626 1486 appellatiua
636 1423 667 1473 in
679 1422 865 1486 dispositione
874 1422 977 1487 posita,
990 1434 1075 1486 quam
1087 1421 1123 1473 ad
1136 1420 1194 1474 siis
1204 1421 1267 1474 eius
1278 1422 1370 1475 verbs
1379 1426 1411 1476 et
1421 1424 1456 1475 sd
1467 1424 1532 1476 sub
1541 1446 1555 1464 ›·

396 1503 553 1561 materiam.
568 1516 601 1554 an
620 1504 746 1567 inquam,
756 1503 845 1554 ardus
863 1502 984 1554 multum
995 1503 1097 1566 tuerit3
1109 1503 1180 1555 item
1192 1503 1360 1557 notatidem
1370 1504 1468 1557 Pauor
1476 1505 1519 1559 Jo
1543 1533 1551 1543 ι

397 1586 432 1636 de
449 1583 540 1636 Imols
555 1586 620 1648 post
636 1584 772 1636 Innocen.
784 1585 815 1635 et
830 1584 891 1637 teli.
904 1584 934 1634 in
946 1598 971 1635 o.
984 1584 1013 1634 ii.
1027 1597 1062 1636 eo
1074 1584 1117 1645 ti„
1131 1585 1208 1648 quod
1218 1585 1324 1638 verbs:
1337 1586 1558 1640 connumeres

396 1665 539 1718 industris
554 1678 605 1717 sen
622 1666 875 1731 circomspectione
892 1664 936 1718 vei
953 1666 1118 1731 prudentia.
1131 1666 1298 1732 significant
1312 1665 1437 1720 electam
1452 1668 1508 1720 ind
1533 1690 1536 1702 ·

396 1760 533 1812 persone;
551 1760 606 1811 que
624 1747 783 1800 decisiones
800 1750 902 1799 sonant
918 1747 1159 1807 commissionem,
1171 1749 1208 1801 de
1219 1760 1277 1812 qus
1292 1748 1324 1801 in
1340 1762 1422 1809 essu,
1432 1762 1520 1816 perso
1544 1775 1553 1789 1-

658 1875 853 1939 Rijksarotriei
872 1877 901 1928 te
921 1875 1048 1937 BrusseI‚
1068 1875 1191 1930 Renoois
1209 1876 1246 1930 do
1268 1876 1531 1938 Vienna.1nv.deei
1542 1872 1572 1929 n

692 1952 778 2004 iiasse
791 1962 821 2003 nr
833 1952 947 2005 XLVII.

962 2172 1053 2241 562.

450 2370 666 2442 1522-1527,
707 2365 859 2430 Nomen.
896 2364 1079 2434 Uittreksei
1111 2368 1161 2436 uit
1192 2368 1234 2436 de
1268 2368 1434 2458 rekening
1462 2388 1520 2440 rso

398 2469 503 2639 Lneier
524 2489 607 2538 over
628 2468 670 2536 de
691 2468 811 2536 kosten
833 2488 898 2535 van
923 2486 983 2535 een
1007 2466 1254 2558 kettergeding,
1279 2470 1337 2540 dat
1356 2472 1480 2540 rondes
1497 2489 1555 2557 gen
1577 2503 1580 2539 z

418 2573 496 2641 leei.

428 2712 453 2762 A
476 2712 561 2763 Piero
583 2713 743 2768 Frsnoette,
768 2713 887 2777 sergent
909 2713 944 2763 de
970 2712 1086 2772 Namur,
1108 2726 1183 2777 pour
1211 2713 1293 2765 suoir
1319 2715 1384 2767 este
1406 2713 1424 2765 ὲ
1446 2713 1533 2766 Mielis
1558 2727 1583 2760 *u

396 2801 546 2856 enquostos
563 2807 636 2857 pour
653 2807 709 2859 vng
727 2793 853 2844 censsier
870 2794 1020 2846 demorant
1035 2807 1071 2846 en
1088 2793 1117 2846 la
1128 2793 1277 2847 irenohise
1294 2794 1331 2848 de
1348 2794 1556 2849 Namursuliea
1581 2805 1582 2810 ¹

396 2874 519 2932 Sorlees,
532 2874 649 2940 chargid
661 2878 737 2926 estre
749 2875 915 2938 heretioque
927 2876 956 2927 et
967 2875 1006 2927 tel
1023 2877 1124 2928 accuse
1136 2889 1189 2942 par
1200 2889 1308 2929 suouns
1325 2878 1376 2941 qui
1393 2892 1412 2943 y
1429 2878 1535 2930 ancient
1550 2896 1566 2915 ν

395 2957 561 3022 prisoniers‚
586 2957 655 3006 dont
675 2956 907 3019 jndiciairement
929 2969 965 3008 ne
984 2956 1076 3009 sceult
1095 2959 1173 3009 estre
1193 2958 1309 3021 sttaint3
1330 2958 1356 3010 si
1376 2950 1583 3023 assequtus

397 3038 482 3089 Piere
494 3051 529 3089 en
542 3037 630 3089 ludite
642 3039 779 3100 enqueste
791 3038 861 3088 trois
871 3038 963 3101 J'ours‚
976 3040 1041 3103 paie
1052 3051 1126 3102 pour
1137 3052 1171 3090 ce
1183 3039 1222 3103 xij
1235 3053 1259 3089 s.

659 3167 853 3231 Rijksarchiei
869 3170 897 3219 te
914 3168 1042 3226 Brussel,
1066 3167 1177 3236 Compte
1196 3168 1233 3222 do
1251 3168 1373 3238 lacques
1393 3169 1431 3223 de
1452 3170 1529 3223 Η

691 3254 801 3301 mat'eur
812 3248 847 3301 de
858 3248 979 3307 Numer,
993 3247 1189 3312 8215221527,
1201 3249 1253 3302 tol.
1274 3251 1352 3317 xxxij
1364 3254 1446 3304 recto
1463 3251 1503 3319 (n
1514 3170 1587 3309 litim

688 3329 865 3396 aengehaeid
876 3331 948 3382 door
960 3330 1071 3391 Henne,
1086 3330 1150 3384 doel
1162 3331 1211 3392 IV.
1223 3330 1278 3385 bis.
1289 3330 1351 3392 818,
1363 3331 1470 3386 nootd.

960 3548 1053 3617 588.

446 3750 665 3823 1522-1527,
701 3744 855 3810 Nomen.
893 3744 1076 3814 Uittreksel
1107 3746 1157 3814 uit
1190 3746 1232 3814 de
1264 3746 1432 3837 rekening
1461 3768 1523 3816 van
1547 3745 1588 3812 ds

394 3850 495 3917 meier
509 3870 573 3916 ven
590 3850 716 3918 Nomen
728 3868 809 3915 over
824 3867 905 3915 eene
921 3849 1038 3915 zekere
1052 3847 1174 3916 Jacobs
1191 3868 1233 3917 en
1248 3869 1332 3917 eene
1348 3851 1476 3919 endere
1489 3864 1589 3923 arcun

393 3951 589 4029 Kathsrina,
608 3952 657 4018 als
674 3949 886 4018 ketterinnen
903 3951 961 4017 der
978 3952 1179 4019 Waldenzsr
1194 3955 1284 4020 secte
1298 3953 1479 4041 vervotgd.

425 4201 461 4269 (1)
480 4202 522 4267 Op
534 4203 589 4255 den
601 4202 672 4254 rand
683 4214 690 4252 ι
702 4201 784 4262 Quod
795 4214 868 4267 pepe
879 4201 925 4253 hic
936 4201 1096 4267 prescribit,
1110 4221 1123 4245 a
1134 4203 1164 4253 vt
1179 4202 1209 4267 ij.
1228 4202 1332 4267 quibus
1350 4204 1424 4272 dieti
1438 4206 1596 4273 inquisito&

391 4298 444 4350 per
455 4284 632 4337 occasionem
644 4283 749 4337 veilent
767 4283 956 4350 subdelegsre
972 4284 1048 4336 vices
1066 4297 1141 4346 sues,
1159 4284 1284 4338 debeant
1294 4297 1360 4338 esse
1376 4286 1411 4339 in
1428 4284 1598 4355 theologus

389 4367 455 4433 jure
474 4367 559 4432 peritj
574 4390 598 4425 ι,
611 4367 680 4418 satis
700 4367 796 4432 arguit
816 4380 873 4418 non
893 4379 957 4418 esse
979 4366 1155 4428 verisimilis,
1173 4368 1250 4432 quod
1267 4366 1401 4432 ipsorum
1418 4371 1610 4438 inquisitorum.

390 4462 579 4509 successores,
598 4448 817 4513 qualescumque
833 4447 876 4513 illj
894 4449 999 4509 forent,
1017 4448 1104 4501 vellet
1121 4449 1150 4502 et
1166 4449 1332 4503 intenderet
1348 4464 1456 4508 creare
1473 4455 1503 4508 et
1517 4448 1600 4508 consi·

390 4533 472 4585 tuere
483 4531 656 4598 principales
668 4533 698 4586 et
708 4530 859 4598 generales
870 4531 1066 4596 inquisitores.
