3224 5400
548 489 652 546 ANNO
670 488 737 543 itta
1091 487 1094 497 '
1223 489 1256 546 58

28 650 77 704 dis
83 649 215 721 hoylv'pen
231 651 357 721 septem
366 668 430 706 scer
439 668 489 706 ess
496 651 639 721 christofsl
650 655 689 722 ott
700 658 876 725 voerspralta.
894 657 1016 725 Insuper
1024 659 1093 711 dicit
1100 659 1164 725 ipsa
1173 659 1258 712 testis

27 747 61 786 se
71 735 217 790 audivisse
226 736 287 801 (sed
300 750 335 788 an
347 737 377 788 in
390 738 489 790 eodem
501 751 632 791 sermone
643 738 689 790 vel
701 739 757 792 alio
769 741 904 794 similiter
915 756 971 793 non
984 742 1171 807 recordatur),
1181 741 1257 806 quod

24 829 96 870 reus
105 818 181 870 dixit
192 819 227 870 ad
237 818 374 884 populum
386 819 440 871 hec
450 821 550 872 verba:
563 820 615 872 Die
623 819 752 889 teyltpen
762 838 796 875 sn
807 821 909 877 tantm
918 823 1020 892 eptem
1029 821 1121 877 machi
1130 837 1196 877 noer
1206 839 1257 877 oses

26 905 55 953 ts
65 899 189 963 ticam
200 915 253 952 nec
262 901 346 953 aliter
355 903 390 954 de
402 904 541 954 contentis
553 904 715 970 hujusmodi
727 906 840 972 articulj
854 907 997 971 deponere
1007 907 1069 968 scit,
1080 905 1157 958 salvo
1169 907 1256 972 quod,

26 984 118 1047 prout
129 983 208 1041 dicit,
221 985 366 1035 residuum
378 985 490 1050 articuli
503 986 576 1038 beno
588 987 644 1053 dici
657 989 790 1040 audiviia
802 989 921 1041 diversis
932 989 1064 1055 beghinis
1077 990 1143 1054 dictj
1156 989 1255 1056 beghi-

28 1066 122 1130 nsgij,
130 1066 181 1118 sed
192 1079 249 1117 non
261 1080 278 1118 a
290 1080 350 1130 roo;
363 1081 477 1119 causam
489 1069 625 1122 scientiae
636 1072 758 1124 reddens
767 1085 820 1137 per
829 1085 873 1130 ea,
883 1085 938 1136 que
947 1072 1077 1137 superius
1089 1072 1255 1137 deponendo

61 1229 158 1295 Super
169 1231 279 1283 decimo
292 1245 366 1283 nono
389 1232 510 1285 articulo
534 1234 688 1299 incipiente
708 1238 777 1292 Item
799 1237 947 1290 cntstseclst
969 1238 1034 1295 etc..
1057 1236 1256 1301 respondendo

28 1311 101 1363 dicit
112 1325 145 1363 ae
156 1314 307 1371 audivisse,
321 1315 396 1378 quod
408 1328 475 1367 reus
484 1316 513 1367 in
527 1318 648 1380 quodam
660 1332 791 1371 sermone
805 1320 840 1371 ad
849 1318 986 1385 populum
1003 1319 1092 1370 dixit:
1103 1318 1256 1372 omnen

24 1393 87 1463 phy
98 1394 148 1447 dte
164 1393 294 1463 teyttpm
306 1411 355 1449 een
366 1398 469 1459 tusce,
485 1397 545 1467 phy
557 1400 706 1453 ontsteecltt
722 1417 753 1455 er
769 1400 823 1453 den
840 1399 923 1454 dunel
938 1409 1013 1461 twec,
1026 1402 1172 1454 residuum
1187 1415 1256 1454 vero

27 1478 161 1542 eiusdem
170 1478 294 1543 articuli,
308 1479 457 1532 videlicet:
471 1480 530 1532 dod
546 1480 590 1535 sal
602 1499 652 1534 ons
660 1482 748 1536 sclicla
759 1482 862 1537 malem
873 1482 976 1537 sandes·
988 1499 1037 1536 ons
1047 1484 1169 1547 eosdem,
1186 1484 1256 1536 dicit

27 1573 60 1613 se
72 1575 132 1612 non
142 1562 283 1614 audivisse
293 1576 310 1613 a
320 1576 381 1622 reo,
404 1564 455 1615 sed
466 1564 539 1616 bene
550 1566 585 1616 ab
598 1565 656 1617 alia
674 1567 800 1632 beghina
812 1567 869 1618 tide
883 1566 979 1633 digna,
991 1568 1032 1632 utj
1046 1567 1124 1627 dicit,
1141 1577 1262 1618 causam

26 1643 170 1696 scientiae
178 1644 301 1711 reddens
312 1658 364 1709 per
375 1659 418 1705 ea,
429 1659 484 1710 que
496 1648 627 1711 superius
639 1649 805 1712 deponendo
815 1649 896 1701 dixit.

61 1725 157 1790 Super
166 1727 265 1790 quinto
277 1727 397 1779 articulo
420 1728 574 1792 incipiente
594 1732 664 1781 Item
681 1728 756 1798 quod
772 1728 823 1782 lieo
832 1732 913 1800 famo
934 1729 1038 1785 nolanis
1054 1734 1119 1795 etc,
1136 1745 1253 1796 respon-

27 1808 125 1859 dendo
137 1808 205 1859 dicit
218 1809 266 1860 din
278 1810 366 1884 luisse
383 1811 487 1861 tamam
499 1812 528 1862 in
542 1812 617 1863 dicto
626 1813 710 1877 opido
721 1813 872 1878 Bergeusi,
882 1814 957 1877 qnod
966 1815 1027 1878 ipse
1036 1827 1102 1866 rcus
1114 1828 1170 1865 non
1180 1814 1252 1868 bene

26 1891 132 1956 sentiit
148 1891 258 1953 deiide,
268 1892 378 1955 fuitque
390 1895 538 1957 suspectus
551 1894 586 1945 de
598 1894 694 1946 heresi
706 1894 824 1960 Lntherj
838 1895 914 1946 ultra
925 1899 1047 1959 quatuor
1059 1910 1156 1954 annos,
1171 1897 1255 1960 quod·

26 1987 85 2038 que
96 1973 363 2039 proptereaelapsis
375 1975 492 2027 circiter
503 1976 612 2027 duobus
625 1978 707 2029 annis
720 1978 754 2029 ad
764 1979 824 2041 xiiij
835 1979 896 2029 dies
908 1976 1031 2030 latitavit
1039 1986 1067 2029 et
1079 1977 1132 2029 hoc
1141 1980 1258 2043 propter

26 2057 174 2114 timorem,
187 2057 254 2120 quia
265 2058 417 2109 adiuerunt
429 2058 500 2122 oertj
515 2058 645 2110 doctores
653 2061 793 2125 extranej3
807 2063 836 2112 et
849 2060 996 2112 dicebatur
1005 2060 1162 2125 tuno,quod
1174 2074 1256 2113 vene·

24 2142 94 2191 rant
111 2140 240 2191 adreurn
251 2140 433 2204 capiendum;
447 2143 476 2191 et
487 2140 571 2191 aliter
582 2141 684 2192 nescit.
1123 2154 1124 2158 ’

58 2221 153 2286 Super
165 2223 274 2273 decimo
287 2223 375 2273 tercio
387 2221 509 2274 articulo
521 2222 678 2287 incipiente
690 2223 761 2276 item
778 2227 849 2293 quod
858 2226 917 2292 ipss
927 2239 993 2277 rsus
1003 2226 1072 2287 etc..
1085 2238 1117 2276 ac
1128 2224 1258 2277 mansula

25 2305 186 2369 incipiente
197 2303 232 2356 lie
246 2307 339 2370 primo
356 2303 533 2371 cecofidem,
555 2306 717 2357 examinata
735 2308 817 2359 testis
839 2308 1003 2373 respondet,
1021 2320 1053 2360 se
1071 2306 1211 2359 audivisse
1222 2310 1253 2359 et

26 2387 205 2447 interfuisse,
218 2387 265 2451 ubj
279 2401 345 2438 raus
357 2388 386 2438 in
396 2388 518 2452 quodam
530 2401 661 2440 sermone
674 2401 726 2440 suo
737 2390 813 2441 dixit
822 2389 946 2455 populo:
965 2388 1014 2441 Tot
1025 2386 1086 2442 tter
1096 2395 1183 2441 tesan
1195 2387 1257 2440 tace

24 2467 85 2536 phy
96 2467 200 2535 apheca
209 2469 305 2537 celone
314 2468 428 2536 polodi,
439 2484 519 2522 maer
532 2468 592 2538 phy
611 2469 673 2523 laedi
691 2471 843 2540 oerttoyfelt
853 2481 972 2539 persecet
983 2487 994 2534 ,·
1010 2471 1085 2524 soille
1100 2470 1156 2523 tots
1167 2486 1186 2522 u
1194 2469 1257 2537 plot

27 2560 96 2618 says
114 2555 237 2618 scopon!
250 2549 309 2618 phy
317 2559 363 2619 ayt
373 2552 502 2605 auencsl
513 2551 684 2619 captivantem
697 2553 748 2607 oct
759 2552 866 2622 teylict
874 2554 979 2622 polone,
990 2552 1042 2607 too
1053 2551 1154 2619 lonqlu
1164 2551 1255 2621 temp

23 2636 184 2702 perlapsa!
200 2633 282 2686 Uwcn
296 2635 382 2687 Oresio
395 2639 425 2687 in
436 2637 524 2688 Deum
536 2650 564 2687 cs
575 2634 654 2688 datu
667 2635 785 2704 polonos
795 2635 840 2689 tet
853 2639 877 2689 ts
888 2652 971 2690 conen
984 2635 1083 2706 quaet.
1098 2637 1174 2688 Dicit
1184 2635 1256 2688 ulte*

26 2718 187 2780 rins,quod
205 2718 234 2768 in
258 2718 340 2768 domo
353 2717 501 2770 domicella
519 2717 665 2770 Elisabeth
685 2719 849 2783 Tabbaerts,
862 2721 892 2771 in
912 2720 988 2772 dicto
1012 2720 1096 2784 opido
1115 2718 1256 2784 Bergensi

26 2801 92 2859 sita,
105 2802 186 2850 certo
204 2802 333 2863 tempore
344 2802 410 2851 aute
428 2800 591 2852 Natiuitatis
611 2800 1043 2867 Christjiestum,unde·1'amin
1064 2801 1163 2852 eodem
1179 2802 1255 2852 testo

26 2882 131 2935 ultime
150 2881 247 2946 elapso
265 2883 320 2933 duo
343 2883 408 2947 annj
430 2882 609 2943 effluxerunt,
633 2884 750 2936 dumet
766 2887 915 2948 postquam
938 2883 1121 2946 sororipsius
1133 2883 1212 2934 testis
1224 2883 1255 2934 in

26 2966 130 3018 eadem
140 2965 223 3015 domo
236 2965 412 3024 decessisset,
431 2967 460 3016 et
472 2964 534 3030 ipsa
556 2966 637 3017 testis
654 2969 807 3030 propterea
822 2965 960 3032 ploraret,
979 2966 1053 3016 idem
1071 2977 1141 3015 reus
1149 2964 1255 3016 ibidem

25 3061 150 3113 presens
162 3047 234 3097 dixit
245 3047 281 3097 ad
293 3048 383 3110 ipsam
395 3048 496 3098 testem
508 3047 561 3099 hec
570 3049 656 3099 verba
664 3047 710 3099 vel
718 3049 788 3113 ipsis
799 3048 904 3100 similia
914 3063 921 3098 :
933 3049 1017 3099 Waer
1028 3060 1119 3098 omme
1130 3045 1256 3098 nocendi!

26 3139 148 3182 amtor
159 3144 189 3180 es
201 3128 253 3181 wel
261 3144 272 3191 ;
283 3131 318 3181 ad
338 3143 393 3194 que
413 3131 494 3181 testis
514 3131 678 3195 respondit:
693 3151 706 3173 u
718 3131 780 3196 ligo
800 3132 885 3182 etiam
897 3144 990 3195 spero,
1004 3129 1078 3193 quod
1098 3129 1170 3181 bene
1179 3129 1217 3180 sit
1226 3132 1256 3181 et

26 3215 167 3279 parentes
178 3213 233 3277 mej
247 3211 380 3264 similiter
393 3229 420 3276 ις
433 3213 468 3263 ad
481 3227 535 3276 que
546 3226 613 3264 reus
625 3215 709 3264 dixit:
723 3213 766 3264 En
778 3211 880 3265 hebben
892 3227 928 3279 sy
937 3213 1040 3264 andero
1048 3207 1152 3278 eptem
1160 3209 1257 3277 polone

25 3293 135 3362 pehodt
146 3293 205 3347 dan
214 3293 272 3360 phy
283 3292 354 3346 noda
370 3309 404 3344 en
421 3293 491 3355 dost,
504 3310 550 3347 soe
561 3311 595 3346 en
606 3295 680 3347 laese
691 3296 736 3347 icit
748 3295 817 3347 cicer
827 3301 892 3360 nyet
902 3308 985 3346 cerasa
1000 3295 1058 3346 Ans
1069 3294 1164 3345 Maria
1176 3306 1256 3354 noem·

27 3381 155 3441 hincque
166 3377 229 3441 ipsa
240 3377 320 3429 testis
332 3378 454 3441 quesivit
465 3391 499 3428 an
512 3391 578 3428 reus
590 3379 734 3428 dubitaret
750 3379 785 3429 de
803 3376 894 3428 salute
911 3378 1060 3441 parentum
1076 3375 1171 3441 testis3
1188 3388 1262 3427 reus·

26 3475 96 3513 vero
108 3460 308 3524 respondendo
326 3460 447 3523 quesivit
459 3461 535 3524 testJ‘‚
554 3473 608 3523 que
621 3463 696 3511 esset
716 3471 767 3510 sua
786 3461 869 3525 iides;
892 3463 922 3512 et
941 3462 1088 3524 postquam
1099 3459 1162 3521 ipsa
1172 3458 1256 3516 testis

25 3544 179 3608 incipisset
190 3542 284 3594 dicere
295 3541 381 3593 Credo
394 3545 425 3591 in
436 3541 523 3593 Deum
535 3543 565 3593 in
576 3542 675 3608 lingua
687 3543 859 3603 theutonica,
873 3545 902 3593 et
912 3546 1061 3606 antequam
1075 3541 1252 3605 periecisset

26 3626 101 3679 dixit
123 3638 209 3677 rens:
229 3645 242 3668 ι
260 3625 324 3675 Non
349 3623 438 3676 habes
455 3624 539 3676 aliam
562 3626 667 3677 iidemi
685 3649 697 3669 ι
719 3626 758 3678 iit
781 3626 847 3676 dum
869 3625 951 3675 testis
968 3625 1102 3687 quereret
1119 3622 1257 3686 dicendo,

27 3711 190 3767 1Domine,
209 3712 253 3760 est
267 3708 319 3760 illa
335 3708 410 3759 mala
426 3709 513 3760 ildesi
530 3709 563 3761 Iu
581 3709 634 3760 hac
653 3709 707 3760 ilde
727 3708 912 3759 decesserunt
927 3707 982 3770 me]
1000 3708 1187 3770 parauisset
1201 3716 1256 3769 ego

24 3793 164 3846 similiter
186 3790 250 3841 volo
273 3792 359 3842 etiam
380 3791 408 3842 in
429 3792 528 3843 eadem
552 3792 689 3843 decedere
708 3809 732 3854 »,
750 3789 897 3853 respondit
923 3802 990 3840 reus
1016 3787 1069 3839 hec
1096 3787 1184 3839 verba
1211 3784 1256 3838 vel

24 3876 152 3928 similia:
171 3872 229 3924 Wel
240 3873 351 3941 blyffler
362 3874 393 3924 ln
404 3874 473 3925 ends
484 3873 595 3940 sterstsr
605 3875 635 3923 ia
642 3886 653 3934 ,·
663 3873 733 3924 dicit
744 3875 848 3932 tamen,
862 3871 937 3935 quod
946 3871 976 3921 in
991 3871 1065 3922 dicta
1076 3869 1258 3922 coniereno'la

24 3959 124 4010 nullus
142 3956 216 4009 alius
227 3957 284 4008 init
294 3969 414 4021 presens
426 3969 511 4019 quam
527 3957 590 4021 ipsa
607 3957 688 4007 testis
706 3958 735 4008 et
751 3968 830 4019 reus3
849 3967 964 4006 causam
981 3953 1117 4006 scientiae
1134 3953 1257 4005 reddens

23 4055 78 4108 per
87 4054 136 4100 es,
149 4053 205 4104 que
217 4040 350 4102 superius
363 4037 532 4103 deponendo
546 4038 627 4090 dixit.

55 4123 154 4189 Super
165 4121 408 4184 decimoseptimo
421 4121 560 4184 utsupra.
599 4146 601 4150 Α

57 4205 192 4259 Ulterius
208 4204 388 4268 interrogata
400 4203 462 4267 ipsa
474 4203 555 4254 testis
572 4215 608 4255 ex
625 4202 716 4253 officio
729 4216 781 4266 per
792 4216 844 4253 nos
867 4204 1004 4255 decanum
1018 4202 1048 4254 et
1059 4200 1258 4265 inquisitorem

21 4290 185 4355 prelatum,
205 4298 280 4337 anne
296 4284 373 4336 ultra
392 4285 532 4349 premissa
550 4285 659 4348 aliquid
676 4286 770 4344 sciret,
784 4298 819 4336 ex
831 4295 886 4350 qno
905 4285 1042 4349 suspicari
1061 4285 1158 4347 posset
1176 4294 1257 4334 reum

19 4371 195 4437 suspectum
212 4369 247 4419 de
259 4367 364 4425 heresi,
378 4368 526 4431 respondit
540 4367 639 4418 eadem
660 4368 750 4427 testis,
763 4367 838 4430 quod
855 4368 884 4417 in
904 4368 1035 4418 nondinis
1053 4365 1256 4431 Bergensibus,

18 4458 52 4508 in
66 4452 197 4506 stonis
207 4451 282 4500 iesto
292 4449 448 4513 penultimc
457 4448 564 4513 elapso,
574 4450 669 4512 sepius
679 4450 787 4500 viditin
800 4449 883 4500 domo
892 4450 946 4514 rei,
956 4447 1139 4514 qnod-plures
1150 4447 1259 4503 inerint

18 4535 161 4600 amanei
174 4532 344 4598 congregati
355 4532 540 4597 mercatores,
552 4531 684 4596 quodque
695 4530 800 4584 ibidem
807 4544 876 4584 reus
887 4530 1003 4584 tenebat
1013 4531 1104 4584 scolas
1112 4531 1143 4583 et
1150 4529 1255 4583 limus·
