3224 5400
195 428 242 480 13⁸
711 428 815 480 ANNO
835 429 899 479 1526

192 593 231 659 da
248 597 444 678 suppoosten
469 613 532 659 van
550 593 678 679 gemeld
692 592 845 677 kapittol.
863 594 924 677 (De
940 592 1030 659 tokst
1045 592 1104 658 der
1119 594 1371 660 ovorecnkomst
1385 594 1410 658 is
1460 598 1462 607 '

194 715 364 780 nagenoeg
391 694 549 773 dozeltde,
582 697 630 760 als
655 695 705 760 die
730 695 789 760 dar
812 695 989 761 notarieele
1013 696 1087 760 acto
1109 693 1291 761 hierboven
1316 696 1409 761 oudar

193 799 237 866 Nr
253 799 319 867 523
335 798 530 882 geplaatst.)

196 982 369 1035 Concordoto
401 984 475 1032 inter
502 980 767 1032 reverendissimum
797 980 942 1031 dominum
976 980 1177 1033 Tornacemcm
1210 987 1236 1031 ct
1267 977 1416 1046 capitulum

227 1063 350 1130 ejusdem
368 1079 453 1131 super
469 1063 551 1114 modo
567 1061 739 1130 procedendi
755 1071 850 1114 contro
867 1063 1011 1129 supposita
1028 1062 1096 1112 dicti
1114 1060 1236 1128 capituli
1253 1063 1286 1112 in
1305 1062 1418 1113 maaria

226 1144 387 1210 tercsisss).
473 1162 479 1172 ·

229 1293 377 1344 Universis
400 1294 548 1355 presentes
568 1290 679 1341 litteras
699 1291 870 1354 inspecturis
890 1290 1008 1341 Carolus
1028 1291 1063 1340 dc
1081 1290 1165 1353 Croy,
1184 1287 1298 1340 electus
1318 1288 1416 1338 contir-

198 1377 291 1426 matus
303 1376 332 1425 et
344 1374 723 1436 administratorperpetuus
736 1373 857 1436 insignis
876 1371 995 1422 ecclesie
1012 1371 1213 1427 Tornacensis,
1227 1372 1258 1421 et
1269 1368 1420 1434 capitulum

196 1457 325 1520 eJusdem
337 1454 468 1510 ecclesie,
482 1454 589 1504 decano
602 1455 727 1513 absente,
741 1453 861 1504 salutem
874 1455 903 1503 in
916 1454 1046 1504 Domino.

229 1537 298 1588 Cum
320 1550 410 1600 nuper
428 1537 504 1586 inter
522 1550 573 1585 nos
591 1535 712 1586 eloctum
730 1538 759 1587 et
776 1536 1036 1585 administratorem
1054 1548 1087 1584 ac
1104 1532 1262 1598 capitulum
1280 1533 1421 1598 predictos

196 1618 391 1670 controversia
403 1618 461 1668 sive
471 1618 583 1680 questio
593 1618 700 1667 moveri
710 1617 904 1668 verisimiliter
912 1616 1120 1667 formidabatur
1129 1629 1216 1679 super
1225 1615 1420 1678 inquisitione,

195 1703 358 1767 cognitione
377 1703 404 1750 et
422 1701 619 1764 jurisdictione
637 1701 764 1751 criminis
782 1700 892 1750 heresis
909 1700 1052 1750 commissi
1070 1713 1121 1763 per
1133 1700 1284 1762 supposita
1296 1699 1420 1762 ejusdem

195 1783 312 1847 capituli
332 1781 377 1833 rel
399 1783 473 1832 unde
497 1795 618 1846 persone
639 1783 766 1846 subiecto
790 1783 871 1832 nobis
898 1780 1023 1846 capitulo
1048 1781 1174 1831 antelato
1197 1781 1349 1831 diffamata
1376 1794 1421 1831 seu

195 1867 327 1928 suspecte
344 1866 474 1927 reputate
492 1865 622 1921 luissent,
642 1864 835 1914 asserentibus
857 1864 938 1913 nohis
956 1863 1048 1913 electo
1070 1864 1100 1912 et
1120 1862 1359 1912 administratore
1375 1875 1422 1926 per

196 1961 247 1997 nos
270 1959 320 1996 seu
346 1949 458 1995 nostros
480 1946 632 1995 olllciarios
656 1946 787 2001 vicarios,
812 1945 963 1996 officialem
989 1946 1018 1995 et
1041 1946 1238 2008 promotorem
1261 1943 1422 2007 hujusmodi

195 2028 399 2091 cognitionem.
424 2027 649 2089 inquisitionem,
679 2027 855 2090 punitionem
878 2029 908 2077 et
929 2027 1137 2076 correctionem
1160 2038 1226 2075 cum
1253 2025 1422 2088 inquisitore

196 2110 263 2161 tldei
280 2111 380 2159 contra
397 2109 465 2158 dicti
482 2107 599 2171 capituli
617 2109 763 2172 supposita
775 2109 809 2158 ad
822 2122 874 2158 uos
891 2109 1020 2171 spectare
1037 2109 1067 2157 et
1083 2107 1242 2170 pertinere,
1256 2106 1343 2157 nobis
1360 2120 1421 2157 vero

196 2191 320 2254 capitulo
344 2191 378 2241 de
399 2191 542 2240 contrario
566 2190 725 2240 dicentibus
749 2192 777 2240 ot
798 2190 990 2239 asserentibus
1014 2188 1177 2251 hujusmodi
1197 2188 1421 2251 inquisitionem,

196 2273 388 2338 coguitionem
416 2274 445 2322 et
471 2272 643 2322 decisionem
671 2285 723 2334 per
751 2286 803 2321 nos
832 2284 882 2322 seu
906 2272 1055 2335 deputatos
1085 2271 1198 2320 nostros
1221 2270 1253 2320 in
1277 2271 1423 2334 supposita

197 2354 358 2419 htp'usmodi
378 2354 468 2403 nostri
486 2352 612 2417 capituli,
635 2352 745 2403 secluso
767 2354 880 2403 domiuo
902 2354 1035 2416 episcopo
1054 2352 1163 2415 atejus
1182 2351 1346 2409 officiariis,
1363 2351 1422 2402 fleri

197 2436 301 2487 debere
321 2436 403 2486 etad
425 2450 475 2485 nos
498 2436 643 2498 pertinere
667 2450 702 2486 ex
728 2436 844 2497 antiqua
867 2436 896 2485 ct
916 2434 1074 2498 approbata
1093 2433 1315 2493 cousuetudine,
1337 2446 1422 2495 eaque

197 2519 241 2568 usi
269 2517 407 2567 fuerimus
430 2518 561 2579 quotiens
585 2530 666 2567 casus
689 2518 847 2567 occurrerit
870 2529 886 2566 a
909 2519 1038 2579 tempore
1066 2514 1281 2570 immemoriali,
1312 2515 1422 2564 tandem

194 2601 260 2663 post
287 2598 458 2662 multiplices
481 2600 751 2649 communicationes
777 2603 805 2648 ct
832 2597 1032 2649 altercationes
1055 2610 1107 2660 per
1136 2597 1254 2647 nostros
1275 2596 1423 2660 deputatos

195 2683 316 2731 invicem
336 2681 402 2731 hinc
426 2682 492 2731 inde
516 2680 636 2739 habitas,
667 2681 901 2731 concordavimus
923 2682 952 2730 et
976 2679 1234 2744 appuuctuavimus
1257 2679 1288 2729 in
1312 2678 1424 2728 modum

197 2763 245 2825 qni
255 2763 384 2825 sequitur
398 2777 403 2810 :
1083 2824 1087 2829 .

227 2843 366 2894 Videlicet
382 2845 467 2905 quod.
481 2845 704 2907 quotiescunque
723 2845 826 2907 aliquis
839 2858 873 2894 ex
888 2844 1043 2907 suppositis
1058 2843 1148 2893 nostri
1165 2841 1287 2906 capituli
1301 2841 1424 2905 aliquam

195 2926 419 2990 propositionem
432 2927 585 2977 hereticam
603 2926 647 2976 rel
666 2941 814 2977 erroneam
833 2927 939 2976 dixisse
958 2928 1007 2976 aut
1024 2925 1195 2975 sustinuisse
1207 2925 1368 2975 infamatus
1378 2937 1424 2974 seu

195 3012 342 3070 suspectus
373 3011 468 3063 luerit.
499 3023 550 3058 nos
573 3008 728 3072 capitulum
751 3022 838 3071 super
862 3008 1027 3071 hujusmodi
1051 3007 1171 3056 crimine
1194 3008 1299 3056 contra
1321 3006 1425 3056 dictum

197 3089 371 3153 suppositum
391 3095 518 3140 nostruin
537 3092 571 3140 ud
590 3091 803 3152 inquisitionem
822 3090 852 3138 in
872 3091 965 3139 torma
985 3089 1059 3151 juris
1079 3088 1237 3152 procedere
1255 3089 1425 3152 poterimus;

196 3172 256 3229 scd,
270 3172 317 3221 nbi
335 3174 512 3235 compertum
524 3173 611 3222 tuerit
629 3173 736 3221 dictum
753 3172 932 3234 suppositum
951 3172 1079 3219 nostrum
1092 3169 1259 3232 huiusmodi
1271 3169 1426 3220 hereticam

197 3252 240 3302 vel
262 3267 410 3303 erroneam
430 3255 653 3316 propositionem
675 3254 780 3303 dixisse
802 3255 850 3302 aut
871 3253 1051 3306 sustinuisse,
1073 3260 1225 3313 antequam
1247 3251 1283 3300 ad
1304 3249 1425 3313 aliquam

196 3336 369 3384 seritcneiam
382 3335 609 3397 qualitlcaudam.
621 3335 727 3385 scilicet
740 3335 904 3398 lnijusmodi
917 3334 1143 3396 propositionem
1152 3331 1196 3382 vel
1206 3336 1319 3395 partem
1328 3332 1426 3396 ipsius,

197 3417 232 3466 ad
251 3419 460 3466 revocationem
473 3418 600 3480 cogendo
620 3420 668 3466 aut
686 3415 756 3466 alias
770 3417 937 3465 dilliniemlo
950 3415 1149 3478 procedamus,
1168 3414 1335 3464 tenebimur
1351 3414 1426 3477 prius

196 3499 332 3548 accedere
353 3513 405 3561 per
426 3513 476 3547 uos
498 3508 544 3547 ant
559 3509 671 3547 nestros
695 3500 844 3560 deputatos
869 3497 1056 3547 reverendum
1081 3496 1227 3546 dominum
1252 3495 1378 3546 electum
1399 3502 1425 3544 ct

197 3581 456 3630 aduunistratorem
469 3579 512 3629 rel
523 3594 603 3629 suum
617 3580 767 3629 otlicialem
780 3578 945 3644 generalem
958 3580 986 3628 in
999 3579 1113 3628 civitate
1126 3577 1315 3640 Tornacensi,
1324 3580 1423 3628 etcum

197 3663 232 3711 de
241 3675 308 3711 casu
320 3661 430 3712 heresis
443 3663 510 3711 dicti
527 3663 666 3726 suppositi
683 3663 774 3711 nostri
786 3676 818 3712 ac
832 3666 891 3711 toto
904 3674 1039 3724 processu
1052 3660 1247 3722 inquisitionis
1259 3660 1422 3713 intermitte.

197 3745 245 3804 qui
259 3757 315 3792 una
328 3744 472 3793 nobiscum
486 3754 533 3794 aut
547 3746 652 3794 nostris
665 3745 807 3807 deputatis
820 3758 927 3793 necnon
948 3742 1116 3804 inquisitore
1134 3741 1263 3792 heretice
1278 3740 1422 3805 pravitatis

197 3825 232 3874 ad
253 3826 379 3887 ipsarum
401 3827 627 3888 propositionum
650 3826 901 3888 «iustificationum.
924 3824 1134 3874 revocationem
1152 3824 1182 3873 et
1199 3823 1374 3872 sentenciam
1394 3821 1420 3869 iu

200 3908 288 3955 torma
299 3907 371 3969 iuris
388 3909 520 3970 procedet
541 3909 687 3970 ipsamque
706 3909 886 3961 sententiam,
905 3907 1113 3956 ordinationem
1134 3907 1164 3955 et
1183 3903 1418 3967 qualificationem

197 3994 342 4050 tamquam
367 3991 460 4051 primo
484 3992 644 4039 tiominatus
667 3992 780 4040 nennius
802 3990 869 4038 dicti
896 3989 1002 4038 domini
1026 3986 1110 4038 electi
1134 3989 1163 4037 et
1184 3985 1417 4037 administratoris

198 4084 260 4120 cunt
282 4071 363 4120 *obis
374 4070 499 4134 capitulo
512 4083 539 4121 et
553 4073 722 4134 inquisitore
742 4074 804 4121 tidei
818 4074 847 4121 in
859 4072 923 4121 loco
942 4075 1039 4120 uestro
1052 4069 1203 4133 capitulari
1215 4068 1413 4132 pronunciahit.

233 4153 267 4203 lit
285 4155 416 4215 «quotiens
435 4168 486 4203 uos
504 4154 660 4218 capitulum
679 4153 860 4219 negligentes
877 4154 1016 4202 fuerimus
1034 4153 1069 4201 de
1086 4151 1258 4214 inquirendo
1276 4151 1310 4200 de
1327 4150 1412 4211 hujus·

199 4322 698 4329 ———-—--———

229 4432 265 4479 -ll
286 4433 359 4484 Dezc
369 4432 431 4484 titel
445 4444 517 4482 staat
530 4448 566 4497 op
578 4435 633 4483 dcu
646 4447 702 4498 rng
714 4447 767 4482 rau
779 4431 827 4483 het
841 4433 908 4482 stuli
920 4431 1106 4497 geschneven.
