3224 5400
378 447 428 499 180
900 443 999 496 ΑΝΝΟ
1018 441 1083 496 1526

376 607 584 659 recordationis
605 605 743 671 clementi
767 606 797 657 '10
823 605 901 657 illius
929 605 1097 670 successori,
1127 605 1203 669 quod
1231 601 1392 657 multorum
1421 602 1569 668 querelati

374 689 467 754 ipsam
488 688 581 740 delate
610 690 706 741 essent
733 689 769 740 de
793 688 924 752 personis
946 701 999 752 per
1020 673 1317 752 ipsum'ilsdrianum
1338 687 1377 738 ad
1406 688 1463 738 ex?
1487 708 1543 729 ·
1568 744 1571 753 Ι

376 771 516 835 prefatam
527 771 652 823 heresim
670 771 822 836 deputatis,
841 771 912 822 adeo
924 770 1000 834 quod
1011 769 1107 833 aliqua
1118 768 1254 820 scandale
1264 769 1333 820 inde
1347 768 1457 833 exoriri
1468 767 1568 821 rorate

375 852 488 913 bantur,
512 866 600 916 quare
619 852 796 918 supplicabat
815 853 889 917 apud
906 852 997 917 ipsius
1014 852 1201 904 sanctitatem
1218 864 1271 916 pro
1293 851 1437 916 oportuno
1453 862 1530 915 supm
1552 875 1568 882 η
1599 827 1612 958 =

375 935 514 986 remedio.
1266 982 1280 999 Ι

407 1015 488 1068 Vnde
505 1016 652 1067 mandauit
668 1017 744 1067 idem
762 1015 892 1068 clemens
909 1029 983 1080 papa
999 1028 1051 1079 per
1068 1028 1134 1066 suas
1151 1014 1265 1066 litteras
1284 1014 1317 1066 L.
1335 1013 1478 1079 cat-dmm
1494 1014 1524 1065 ed
1546 1042 1549 1046 ·
1598 993 1612 1036 ⁵

375 1100 472 1164 partes
495 1098 603 1162 negato
626 1099 661 1150 de
683 1097 784 1158 latere,
809 1098 844 1149 de
868 1099 948 1148 cuius
971 1097 1077 1148 eximia
1096 1097 1250 1162 prudentis
1273 1097 1304 1148 et
1324 1096 1358 1147 in
1380 1095 1464 1148 rebus
1597 1075 1612 1142 ¹,

377 1181 547 1232 dexteritate
565 1179 720 1244 speciatam
735 1180 766 1231 nt
784 1180 906 1231 nomino
924 1180 1056 1230 noueram
1074 1179 1207 1243 niteant,
1225 1181 1255 1230 vt
1266 1192 1299 1231 ss
1310 1179 1347 1232 ue
1358 1179 1500 1244 pentius
1598 1155 1612 1200 ¹

377 1264 470 1314 maret
490 1264 529 1320 et,
550 1263 573 1326 sj
595 1262 769 1326 comperiret
788 1262 915 1326 prefatos
932 1275 984 1326 per
1002 1260 1179 1312 Hadrianum
1196 1261 1349 1326 deputatos
1366 1261 1534 1325 inquisitores
1601 1239 1612 1280 ¹

377 1344 502 1395 officinm
519 1345 678 1409 huiusmodj
698 1344 896 1408 exequendum
913 1344 1007 1394 minus
1024 1343 1143 1395 idoneos
1159 1343 1233 1404 fors,
1253 1344 1304 1394 ant
1320 1344 1532 1408 propeceetq
1565 1359 1568 1370 ·
1601 1319 1612 1362 ¹

377 1426 514 1490 expedire
535 1425 606 1477 alios
628 1439 728 1478 eorum
749 1426 812 1477 loco
836 1425 977 1490 deputarj,
1001 1425 1076 1488 quod
1096 1422 1160 1489 ipse
1182 1423 1249 1475 illos
1274 1426 1435 1485 amoueret,
1452 1436 1482 1475 ac
1602 1399 1612 1442 *

376 1506 440 1557 loco
468 1509 645 1571 prepositum
673 1508 762 1572 sanctj
793 1508 909 1570 Martini
938 1506 1065 1570 iprensis
1088 1506 1118 1557 et
1140 1507 1267 1570 priorem
1297 1507 1444 1571 prioratus
1482 1529 1500 1547 »1
1565 1523 1569 1534 ·
1601 1479 1612 1524 ¹

377 1589 407 1639 in
420 1589 564 1640 Montibus
577 1604 609 1640 ac
622 1589 767 1655 theologie
780 1589 971 1652 professorem
988 1588 1158 1653 magistrum
1174 1587 1338 1640 iohannem
1356 1587 1457 1654 coptu,
1600 1561 1612 1606 ί

378 1671 469 1734 sancti
492 1671 572 1735 Petrj
595 1671 793 1731 Louaniensis,
816 1671 852 1722 de
873 1684 994 1734 quorum
1013 1669 1182 1736 integritate
1205 1671 1235 1722 et
1257 1669 1380 1722 solertis
1402 1667 1538 1734 specisln
1569 1677 1571 1690 ’
1598 1641 1612 1686 ⁴

379 1752 501 1803 Domino
524 1752 658 1804 fiduciam
680 1753 813 1811 habebat,
838 1753 882 1803 vel
906 1752 978 1803 duos
1005 1751 1050 1804 vel
1080 1765 1168 1804 unum
1191 1764 1303 1815 eornm,
1327 1752 1419 1817 prout
1438 1750 1489 1816 sibi
1508 1744 1568 1815 nith
1598 1723 1612 1768 ¹

379 1834 526 1885 videretur
555 1835 700 1899 expedire,
730 1835 916 1898 inquisitores
939 1833 1090 1899 generales
1113 1835 1143 1884 in
1167 1834 1251 1885 dictis
1278 1833 1414 1899 partibus
1440 1834 1559 1886 creme-

379 1916 578 1966 constitueret.

411 1998 455 2048 Ad
467 2010 587 2060 quarum
598 1995 762 2049 litterarum
774 1998 972 2050 executionem
989 1998 1148 2061 procedens
1160 1998 1237 2050 idem
1248 1997 1282 2049 L.
1295 1997 1459 2051 Gardinaiis
1471 1990 1574 2062 comps!
1601 1967 1612 2044 !

378 2092 431 2143 per
447 2080 690 2138 informationem,
709 2080 762 2143 sibj
782 2080 872 2143 viderj
893 2080 1060 2143 expediens,
1073 2093 1126 2143 pro
1144 2093 1215 2144 pace
1232 2080 1263 2132 et
1278 2079 1380 2143 quiete
1392 2079 1576 2146 acprsfatsrn
1602 2049 1612 2124 ff

378 2160 525 2213 heresium
542 2161 744 2226 extirpatione,
763 2162 914 2225 deputatos
931 2175 984 2225 per
1001 2160 1178 2212 Hadrianum
1194 2173 1298 2226 papam
1311 2161 1444 2228 amoueri
1461 2174 1493 2214 sc
1506 2164 1576 2213 eom
1603 2132 1612 2208 Ι.

378 2241 442 2293 loco
474 2241 545 2293 alios
574 2244 738 2308 surrogar13
771 2255 860 2306 quare
891 2243 969 2307 ipsos
1000 2243 1109 2294 amouit
1139 2256 1190 2294 seu
1221 2241 1348 2295 absoluit
1380 2242 1418 2296 ab
1447 2236 1576 2303 huiusne!
1604 2216 1612 2290 Ι.

378 2323 573 2387 inquisitionis
586 2324 690 2375 officio.
703 2325 740 2376 Et
752 2323 939 2376 nihilominus
951 2324 1069 2389 cupiens
1086 2324 1260 2390 prauitatem
1275 2322 1439 2377 hereticam
1450 2326 1480 2377 ln
1489 2320 1578 2390 preffl
1606 2298 1612 2372 ¹.

379 2406 547 2471 regionibus
566 2407 681 2471 penitus
699 2406 850 2471 extirpari,
868 2407 1013 2471 predictos
1030 2406 1208 2471 prepositum
1225 2407 1255 2458 et
1270 2405 1403 2471 priorem
1420 2420 1454 2459 ac
1465 2400 1579 2471 theoloffl
1606 2381 1612 2454 i

379 2487 573 2551 professorem
589 2488 760 2554 magistrum
778 2489 815 2539 N.
834 2488 973 2540 decanum
990 2489 1065 2552 apud
1082 2488 1293 2540 sanctissimum
1310 2487 1462 2541 dominum
1481 2488 1581 2540 nom
1607 2463 1612 2509 Ι

379 2582 483 2634 papam
505 2572 535 2622 et
558 2583 589 2621 se
613 2570 648 2621 de
671 2571 841 2635 integritate
863 2572 894 2621 et
910 2569 1029 2621 solertia
1045 2582 1200 2633 rerumque
1223 2570 1421 2636 gerendarum
1441 2566 1579 2623 dexte'llt
1608 2545 1612 2591 Ι

379 2650 533 2717 plurimum
556 2650 599 2717 (ut
622 2651 779 2718 asserebat)
808 2652 1030 2712 commendatos,
1060 2652 1194 2703 absentes
1222 2653 1369 2716 tamquam
1398 2652 1548 2717 presentes,
1561 2627 1612 2699 6²¹

381 2733 539 2796 quemlibet
550 2746 650 2785 eorum
663 2733 828 2791 insolidum,
847 2733 979 2784 omnibus
995 2733 1163 2785 melioribus
1173 2734 1229 2794 vis,
1241 2734 1338 2794 modo,
1351 2735 1450 2786 forma
1459 2731 1578 2786 etardus
1607 2707 1612 2755 ¹

380 2815 483 2878 quibus
510 2816 605 2879 potuit
630 2829 663 2867 ac
690 2816 797 2874 debuit,
826 2815 978 2882 generales
1001 2816 1031 2866 in
1052 2815 1136 2866 dictis
1155 2815 1286 2880 partibus
1308 2815 1443 2870 heretice
1460 2787 1612 2889 praelii¹

379 2897 565 2959 inquisitores
576 2896 700 2948 instituit
717 2899 746 2949 et
757 2897 868 2949 creauit
878 2897 1049 2949 auctoritate
1061 2897 1219 2963 apostolica
1230 2911 1295 2950 cum
1305 2897 1396 2963 plena
1409 2900 1440 2950 et
1450 2892 1579 2950 omnimo&
1607 2868 1612 2942 Ι,

380 2979 521 3044 potestate
534 2980 630 3030 omnia
645 2979 780 3043 faciendi,
795 2993 850 3042 que
863 2980 898 3030 ad
910 2978 1072 3043 huiusmodi
1087 2979 1212 3030 officinm
1224 2980 1368 3043 spectant.

413 3060 450 3128 (1)
460 3062 623 3114 Nouissime
641 3075 708 3113 vero
727 3075 760 3112 ao
776 3061 862 3125 paulo
879 3062 944 3126 post
961 3061 1109 3125 premisse,
1128 3073 1230 3126 nempe
1248 3074 1324 3113 anno
1342 3070 1403 3112 nivt
1413 3076 1480 3125 xxv,
1491 3058 1578 3112 obtat
1609 3089 1612 3104 t

413 3380 450 3448 (l)
468 3379 511 3447 Op
523 3382 579 3433 den
590 3381 662 3432 rand
673 3381 755 3432 vindt
765 3394 831 3432 men
843 3380 893 3433 het
904 3380 1063 3447 volgende:
1608 3359 1612 3434 Ι

413 3462 506 3523 Quum
526 3462 580 3514 hec
598 3461 678 3513 bulla
701 3477 757 3513 non
781 3462 915 3526 loquatur
937 3464 973 3514 ad
995 3465 1165 3528 perpetuam
1187 3463 1230 3528 rej
1254 3464 1436 3524 memoriam,
1459 3463 1528 3517 sicul
1543 3468 1577 3512 nes
1608 3441 1612 3512 ¹

379 3543 436 3596 vlle
459 3558 494 3596 ex
517 3543 622 3595 litteris
644 3544 875 3608 precedentibus,
899 3546 956 3595 imo
979 3559 1044 3597 cum
1067 3545 1115 3596 hic
1135 3546 1305 3610 subiJciatur
1330 3560 1419 3598 cansa
1442 3548 1473 3598 et
1496 3540 1578 3597 occasi

379 3626 572 3679 concessionis
590 3627 718 3677 eiusdem
736 3628 765 3677 et
782 3640 869 3690 super
887 3627 1054 3691 quibusnam
1072 3628 1194 3693 petitum
1204 3628 1308 3680 fuisset
1325 3640 1379 3694 per
1390 3625 1579 3693 redempt*

379 3709 464 3760 licam
486 3709 645 3773 prouideri,
673 3708 749 3772 quod
771 3709 868 3770 vtique
891 3722 948 3760 non
970 3710 1026 3761 fuit
1046 3710 1077 3760 vt
1095 3709 1199 3773 prefatj
1221 3710 1420 3775 inquisitores,
1441 3723 1492 3776 per
1507 3709 1576 3773 ipm

379 3793 410 3844 L.
443 3790 625 3843 cardinalem
655 3791 743 3854 creatj
776 3790 961 3852 inquisitores
991 3793 1022 3842 vt
1050 3805 1146 3856 supra,
1180 3792 1286 3843 fierent
1315 3794 1366 3844 ant
1396 3788 1579 3845 decimarent*
1610 3767 1612 3808 ¹

378 3875 563 3938 inquisitores
591 3873 734 3938 perpetuj,
764 3872 815 3924 sed
843 3876 873 3924 vt
901 3874 1063 3937 expeditius
1085 3874 1203 3938 possent
1231 3875 1404 3939 procedere,
1432 3887 1489 3926 non
1512 3864 1578 3935 mii*

377 3957 473 4020 potest
483 3954 614 4019 concludi
634 3968 670 4006 ex
688 3955 742 4005 hac
758 3953 849 4014 bulla,
863 3956 938 4017 qnod
950 3968 1131 4008 successores
1142 3956 1284 4021 prepositj
1298 3958 1329 4007 et
1338 3957 1448 4020 prioris
1458 3945 1578 4007 montri-

378 4030 510 4088 natorum
522 4037 681 4100 successurj
696 4037 763 4086 sunt
774 4036 804 4086 in
822 4036 876 4087 hac
887 4037 1097 4099 commissione,
1111 4050 1195 4101 quam
1207 4050 1243 4089 ex
1255 4036 1363 4089 litteris
1377 4032 1577 4102 praesument

378 4119 501 4170 maxime
519 4132 584 4170 cum
600 4118 654 4170 hec
671 4117 751 4170 bulla
764 4131 821 4169 non
832 4121 912 4170 creat
923 4119 1000 4183 ipsos
1013 4132 1066 4172 nec
1077 4120 1228 4171 constituit
1237 4118 1437 4185 inquisitores,
1450 4118 1499 4172 sed
1508 4106 1577 4168 111πῦ

379 4202 408 4253 et
419 4201 555 4265 supponit
566 4200 691 4250 officium
703 4199 882 4263 inquisitoris
893 4202 959 4264 post
970 4201 1212 4259 informationem,
1224 4201 1260 4253 de
1271 4214 1329 4266 qua
1339 4201 1370 4252 in
1379 4192 1575 4265 precedentis·

377 4282 467 4334 fuisse
475 4282 546 4347 ipsis
558 4283 740 4333 commissum
752 4295 804 4347 per
816 4282 910 4345 ipsum
918 4282 951 4334 L.
962 4283 1156 4348 cardinalem
1167 4296 1254 4348 super
1265 4296 1322 4346 quo
1330 4268 1575 4335 fundamentohels

377 4364 472 4430 potest
481 4361 617 4429 intelligi,
631 4364 706 4427 quod
718 4363 858 4416 innitatur
870 4364 1003 4428 specialis
1015 4365 1066 4416 illa
1083 4366 1197 4424 fiducia,
1216 4378 1302 4429 quam
1319 4364 1367 4416 hic
1385 4364 1457 4416 dicit
1472 4355 1571 4414 ronna

378 4458 409 4497 se
422 4444 528 4496 habere
540 4445 576 4496 de
588 4445 716 4509 ipsorum
727 4446 757 4496 in
770 4445 815 4497 his
828 4446 1013 4499 discretione.
