3188 5394
349 504 398 556 294
865 497 969 551 ΑΝΝΟ
988 497 1051 549 1527

350 669 499 734 peccantes
522 667 551 718 in
573 668 676 717 tratres
696 665 868 729 corripiendi
888 666 963 724 sunt,
988 666 1151 717 ostendunt.
1174 666 1228 726 Ita,
1249 667 1282 718 ut
1302 667 1328 717 si
1349 666 1428 729 quis,
1451 666 1567 720 obturari

349 765 427 810 aure,
440 751 537 801 tratris
549 748 835 815 congregationisque
847 749 955 799 monita
972 750 1184 813 contempserit,
1203 750 1241 800 sit
1258 747 1319 799 illis
1336 747 1432 800 veluti
1445 747 1567 802 Ethnicus

349 837 379 886 ct
398 833 580 890 Publicanus‚
602 831 722 883 Paulum
743 845 854 894 quoque
874 831 1050 882 haereticum
1070 832 1216 882 vitandum
1240 835 1366 890 tantum,
1389 831 1567 888 admonuisse.

350 919 428 971 Hace
445 906 583 970 est‘elara
600 916 718 980 simplex
736 919 765 967 et
782 930 862 981 pura,
881 917 1021 979 inquiunt,
1041 915 1147 966 Christi
1165 916 1308 972 doctrina,
1327 915 1469 966 adversus
1487 929 1566 978 quam,

352 1003 376 1053 si
387 1002 516 1066 pontilex
527 1000 682 1057 Romanus,
696 1000 752 1048 imo
765 999 789 1048 si
802 999 904 1049 Petrus
923 1001 952 1049 et
968 999 1085 1052 Paulus.
1102 999 1161 1048 imo
1173 999 1198 1048 si
1208 996 1351 1063 Angelus,
1367 1010 1426 1047 non
1443 999 1567 1062 impostor

351 1084 411 1141 ille,
429 1084 479 1134 sed
491 1097 507 1134 o
519 1080 598 1133 coelo
609 1081 687 1132 aliud
705 1082 842 1140 docuerit,
857 1081 1006 1132 anathema
1017 1082 1063 1131 sit.
1078 1080 1194 1131 Mandat
1207 1081 1328 1145 insuper
1340 1078 1476 1131 caelestis
1488 1086 1564 1145 pater,

352 1169 383 1219 ut
402 1179 499 1217 vocem
520 1165 572 1215 tilii
593 1164 637 1214 sui
658 1163 753 1214 dilecti
775 1164 929 1214 audiamus.
951 1163 1016 1227 Ipse
1033 1164 1124 1213 bonus
1142 1165 1239 1227 pastor
1257 1163 1396 1215 Christus
1412 1162 1496 1214 Jesus
1511 1179 1564 1216 ores

350 1264 416 1301 suas
433 1261 529 1298 vocem
548 1260 627 1311 suam
645 1247 743 1297 audire
762 1247 839 1306 dicit,
858 1246 892 1296 ad
911 1259 941 1296 se
959 1246 1139 1308 veniendum,
1153 1259 1183 1297 se
1195 1246 1391 1309 sequendum,
1404 1245 1493 1296 bonus
1509 1248 1563 1306 dux,

350 1333 399 1382 lux
412 1332 441 1382 et
453 1330 554 1381 semita
564 1328 697 1379 hortatur
712 1343 718 1377 :
738 1330 767 1379 et
785 1331 841 1379 tam
858 1329 972 1392 reprobi
991 1329 1107 1385 erimus,
1121 1330 1153 1378 ut
1164 1326 1277 1379 alienos
1290 1342 1307 1379 a
1319 1327 1405 1379 Mose
1417 1326 1561 1393 legislatore

350 1413 509 1474 mitissimo,
523 1411 631 1462 alienos
644 1425 660 1461 a
672 1410 784 1460 Christo
797 1425 864 1461 vero
878 1413 1031 1471 servatore,
1047 1411 1145 1461 audire
1158 1409 1296 1462 velimust

383 1495 463 1555 Quod
475 1508 542 1545 vero
556 1493 684 1544 nonnulli
696 1495 725 1543 in
738 1495 896 1557 potentium
908 1494 1085 1556 quorundam
1098 1493 1249 1544 hominum
1262 1495 1392 1559 gratiam
1405 1496 1434 1544 et
1445 1495 1559 1557 favorem,

350 1579 441 1643 magis
465 1591 549 1641 quam
570 1578 598 1626 in
620 1577 747 1626 veritatis
768 1575 880 1627 laudem
905 1578 1012 1627 dieunt.
1037 1576 1201 1639 Praepositi
1225 1579 1303 1634 sunt,
1326 1576 1483 1640 presbiteri
1504 1582 1558 1645 sunt

350 1661 474 1724 episcopi
490 1661 563 1717 sunt,
583 1659 770 1709 obediendum
788 1672 857 1723 ergo
876 1661 919 1709 est
939 1660 991 1721 cis,
1005 1658 1164 1709 honorandi
1176 1672 1247 1723 ergo
1260 1661 1341 1717 sunt,
1355 1659 1489 1709 audiendi
1505 1673 1557 1726 ergo

350 1745 425 1793 sunt.
446 1742 559 1797 Verum.
583 1741 723 1803 inquiunt,
745 1741 825 1800 dicis,
850 1742 976 1803 quisquis
997 1739 1068 1791 haec
1086 1741 1155 1790 dicis
1176 1755 1183 1791 :
1205 1742 1291 1791 modo
1316 1740 1393 1792 Mosi
1415 1741 1557 1795 cathedram

337 1840 407 1876 non
420 1825 562 1884 deserant,
580 1824 609 1874 et
626 1824 654 1872 in
673 1837 724 1872 sua
740 1824 869 1884 sedeant;
888 1823 971 1873 modo
988 1837 1031 1884 ea,
1045 1836 1229 1886 quaecunque
1248 1824 1384 1874 Christus
1402 1824 1560 1878 observanda

350 1907 504 1972 praecepit,
519 1906 676 1964 docuerint,
691 1907 719 1955 et
732 1919 796 1955 suas
808 1906 951 1955 doctrinas
963 1905 1007 1955 his
1019 1919 1075 1955 non
1094 1907 1292 1969 aequaverint,
1312 1907 1400 1956 modo
1419 1906 1559 1960 imitatores

352 1988 444 2051 Pauli,
459 1989 490 2039 ut
506 1988 555 2039 ille
574 1987 688 2046 Christi,
708 2002 762 2037 uon
778 1986 900 2037 hominis
918 1986 1037 2038 alicuius
1049 1988 1227 2050 quantumvis
1240 1989 1344 2047 sancti,
1358 1989 1481 2053 luerint3
1494 1992 1560 2041 modo

350 2072 422 2122 beno
439 2071 575 2135 praesint,
595 2072 626 2119 ut
643 2083 760 2135 gregem
780 2069 885 2120 Christi
904 2070 989 2120 verbo
1007 2070 1112 2121 Christi
1125 2072 1251 2134 pascant,
1266 2074 1296 2122 et
1316 2085 1376 2121 non
1395 2072 1561 2125 dominentur

351 2166 443 2217 neque
466 2152 646 2217 tyrannidem
668 2153 697 2202 in
721 2165 870 2203 conservos
894 2155 1055 2203 exerceant.
1076 2151 1171 2210 Vides,
1194 2152 1446 2221 clementissime]
1466 2154 1561 2217 Caesar,

350 2235 491 2300 quomodo
504 2234 550 2285 lex
563 2233 728 2299 evangelica
739 2233 787 2298 (ud
800 2233 944 2301 adserunt)
962 2233 1122 2285 haereticos
1137 2236 1222 2286 etiam
1235 2236 1399 2287 obstinatos
1411 2235 1456 2303 (ut
1466 2238 1563 2303 dieitur)

350 2319 425 2369 inter
452 2317 588 2368 Ethnicos
616 2319 644 2367 et
674 2316 844 2368 Publicanos
873 2318 981 2367 tantum
1010 2318 1131 2380 reiiciat.
1158 2317 1245 2368 lllodo
1274 2321 1393 2370 constat
1422 2319 1466 2381 (ut
1488 2321 1562 2386 munt)

351 2400 490 2463 quomodo
508 2413 571 2449 cum
590 2398 752 2449 Publicanis
770 2401 798 2449 ct
816 2399 1000 2449 Samaritanis
1018 2400 1080 2463 ipso
1100 2399 1239 2450 Dominus
1256 2400 1355 2459 Jesus,
1369 2402 1449 2453 vitae
1465 2405 1563 2455 nostras

350 2495 516 2544 morumque
529 2482 674 2545 magister,
688 2484 815 2531 versatus
827 2483 864 2531 sit
878 2496 884 2531 ε
904 2482 1044 2545 quomodo
1056 2483 1201 2533 neminem
1214 2496 1316 2533 eorum
1329 2497 1428 2546 neque
1438 2485 1563 2549 judicare·

350 2566 389 2616 rit
416 2577 507 2626 neque
539 2563 777 2614 condemnaverit.
809 2563 844 2614 Et
877 2564 1049 2615 christianus
1081 2565 1239 2628 imperator
1271 2567 1437 2616 communis
1466 2567 1563 2619 Domini

350 2661 458 2705 servos,
483 2647 539 2695 imo
563 2647 731 2702 confratres,
756 2648 785 2696 et
813 2647 942 2697 caelestis
970 2648 1080 2710 patriae
1110 2646 1293 2708 cohaeredes,
1324 2650 1377 2713 tot,
1409 2649 1467 2699 tam
1493 2653 1563 2701 variis

350 2731 497 2794 saevisque
521 2730 666 2793 suppliciis
690 2729 763 2779 allici
789 2731 922 2792 patietur,
948 2743 983 2780 ue
1011 2729 1138 2780 dicamus
1169 2730 1294 2781 iubebit?
1324 2731 1463 2796 Legimus
1483 2733 1563 2794 etiam,

350 2814 494 2877 inquiunt,
506 2812 755 2862 christianissimos
774 2812 960 2875 imperatores
977 2797 1207 2862 Valentinianum
1221 2814 1252 2863 et
1263 2812 1472 2872 Theodosium,
1485 2814 1564 2865 Ethai·

350 2909 398 2947 cos
422 2894 568 2958 quosdam,
592 2894 687 2951 rebus,
717 2895 880 2957 provinciis,
907 2894 1079 2945 exercitibus
1102 2895 1161 2944 suis
1186 2895 1378 2958 praefecisse,
1404 2897 1461 2946 imo
1482 2895 1562 2948 multis

350 2977 522 3034 christianis,
554 2977 583 3026 in
614 2976 742 3026 civilibus
773 2975 1000 3039 militaribusque
1032 2976 1117 3026 rebus
1150 2976 1340 3041 praetulisse3
1372 2982 1404 3028 et
1432 2976 1560 3037 haeretiei,

350 3061 398 3124 qui
418 3060 514 3111 doceri
534 3059 658 3109 rectiora
678 3059 804 3121 cupiunt,
826 3058 877 3108 sub
899 3060 956 3108 tam
977 3059 1024 3121 pio
1046 3057 1168 3109 Caesare
1189 3058 1275 3110 rebus
1296 3063 1327 3110 et
1345 3061 1409 3111 vita
1428 3061 1560 3125 privabun-

350 3144 411 3194 turt
429 3142 466 3193 Hi
484 3142 567 3199 enim,
585 3141 804 3192 clementissime
823 3139 934 3200 Caesar,
954 3141 977 3190 si
996 3142 1094 3191 audire
1112 3139 1246 3206 legerere
1268 3141 1418 3207 Majestati
1439 3145 1502 3195 tuae
1520 3158 1560 3208 per

349 3223 512 3291 augustales
536 3224 735 3287 occupationes
761 3223 871 3281 liceret,
896 3224 956 3286 spei
980 3224 1102 3286 fideique
1126 3237 1194 3275 suae
1218 3224 1364 3276 rationem
1388 3223 1559 3277 libentissime

347 3308 510 3365 redderent,
529 3307 557 3358 et
574 3307 754 3356 innocentem
772 3306 1016 3356 conversationem
1038 3319 1118 3357 suam
1138 3306 1167 3357 in
1185 3305 1334 3370 republica
1356 3306 1464 3358 Christi
1484 3310 1511 3360 et
1523 3312 1560 3360 tua

349 3389 494 3442 declarare
506 3388 592 3454 pariti
610 3390 714 3439 essent.
728 3387 808 3446 Quod
826 3402 880 3450 quo
893 3387 983 3438 minus
995 3388 1054 3448 ilat,
1067 3389 1172 3453 partim
1190 3388 1233 3452 (ut
1250 3389 1321 3455 dixi)
1341 3391 1560 3455 occupationibus

348 3471 506 3536 Majestatis
524 3473 589 3521 tuae
607 3471 784 3533 adscribunt;
803 3471 907 3534 partim
922 3471 1086 3535 purpuratis
1104 3469 1161 3520 illis
1179 3472 1208 3522 et
1220 3470 1332 3532 albatis,
1354 3486 1427 3536 quos
1444 3473 1562 3525 innocen

348 3556 406 3608 tem
426 3554 594 3621 sanguinem
618 3554 709 3614 sitire,
734 3552 862 3616 nihilque
885 3553 962 3604 aliud
986 3553 1129 3617 Maiestati
1153 3555 1218 3604 tuae
1243 3568 1415 3620 suggerere,
1440 3569 1521 3621 quam
1539 3560 1563 3608 ut

348 3639 463 3702 impune
476 3637 655 3701 tyrannidem
669 3649 748 3686 suam
760 3638 913 3687 exerceant
925 3638 954 3687 et
964 3637 1141 3687 confirment.

382 3720 526 3772 Hactenus
545 3720 579 3769 de
597 3719 660 3784 lege
679 3718 851 3783 evangelica,
871 3721 1005 3781 quantum
1024 3718 1059 3769 ad
1076 3718 1235 3770 haereticos
1247 3721 1386 3784 pertinet,
1404 3723 1563 3787 sapientium

348 3803 474 3854 virorum
491 3802 661 3853 sententiam
677 3801 774 3866 paucis
792 3799 912 3867 s[acrae]
926 3801 1068 3852 Maiestati
1086 3803 1151 3852 tuae
1169 3802 1359 3853 indicavimus
1377 3804 1565 3869 potiusquam

348 3884 545 3950 explicuimus.
557 3883 711 3948 Reliquum
724 3885 775 3941 cst,
789 3886 821 3934 ut
833 3885 867 3934 de
880 3883 1009 3935 Caesaris
1027 3897 1139 3947 quoque
1157 3882 1269 3949 legibus
1281 3886 1386 3936 contra
1402 3886 1566 3949 haereticos,

349 3968 417 4031 quid
428 3967 561 4025 sentiant,
580 3968 817 4032 perstringamus.
836 3966 974 4017 Fatentur
991 3966 1088 4029 iidem,
1107 3967 1206 4017 extare
1219 3967 1359 4030 quasdam
1377 3968 1568 4033 imperatorias

347 4049 436 4116 leges,
456 4048 557 4112 quibus
575 4050 703 4100 extremo
723 4049 861 4114 supplicio
880 4047 1017 4099 haeretici
1036 4049 1234 4111 subijeiantur.
1250 4048 1360 4100 Verum
1378 4064 1429 4101 eas
1448 4057 1569 4104 nontam

347 4133 425 4197 justa
455 4131 660 4195 imperatorum
693 4130 853 4194 voluntate,
889 4145 971 4194 quam
1002 4131 1133 4195 improba
1165 4132 1344 4194 quorundam
1377 4135 1571 4200 episcoporum

347 4213 485 4265 violentia
501 4212 729 4265 clementissimis
747 4213 913 4264 Caesaribus
930 4215 1052 4264 exortas.
1067 4212 1148 4273 Quod
1166 4213 1233 4264 hinc
1244 4215 1433 4278 potissimum
1451 4217 1571 4269 eliciunt.

350 4297 431 4356 Quod
453 4294 631 4347 Constantini
654 4296 760 4362 Magni,
786 4296 939 4348 Theodosii
962 4297 991 4346 et
1015 4295 1135 4346 aliorum
1157 4297 1355 4362 Augustorum
1376 4297 1462 4366 leges
1482 4305 1572 4354 conha

347 4379 517 4440 haereticos,
528 4393 670 4442 nunquam
683 4379 853 4441 executioni,
865 4379 939 4442 quod
951 4379 1066 4435 sciatur.
1077 4379 1225 4430 mandatae
1237 4380 1304 4439 sint,
1316 4383 1348 4432 et
1358 4381 1573 4438 Theodosiacus

347 4461 406 4528 legi
424 4463 453 4512 in
470 4461 598 4512 historiis
617 4463 754 4512 addatur:
773 4462 843 4512 Earn
861 4462 951 4527 magis
970 4463 1004 4513 ad
1024 4462 1198 4528 terrendum,
1218 4476 1302 4525 quam
1328 4468 1536 4529 exequendum
1560 4484 1575 4518 a

348 4544 473 4611 piissimo
485 4545 613 4613 Augusto
624 4559 687 4598 esse
696 4545 791 4598 latam.
806 4544 1124 4610 hdijeiuntpracterea:
1138 4545 1282 4612 Augustos
1293 4545 1485 4603 Constantini
1496 4549 1574 4607 filios,
