3224 5400
658 513 762 579 enno
781 515 845 578 lois
872 513 873 517 ’
1328 519 1362 581 di

163 681 386 741 rbaotaluerunt
396 689 532 755 potestati
543 690 723 744 inimicorum
732 691 905 754 nostrorum,
918 689 1009 755 quiea
1017 688 1186 750 distrahere,
1199 689 1362 754 divendere,

165 769 268 822 ienare
279 772 310 822 et
319 785 459 838 occupare
470 772 656 837 iniquissimis
667 774 760 825 modis
777 787 834 825 non
854 775 920 825 sunt
930 773 1028 838 veriti3
1047 775 1131 838 atque
1148 773 1190 825 ita
1201 774 1364 828 testimonia

163 853 302 904 tterarum
313 867 365 906 sen
375 853 571 906 codicillorum
584 855 708 921 plurima
718 855 834 908 interim
845 854 891 907 vel
901 856 1051 921 perierunt
1062 854 1106 909 vel
1116 856 1146 906 in
1157 855 1287 908 manibus
1300 856 1364 909 hos·

163 947 209 985 um
221 937 273 987 ant
283 937 482 1002 occupantium
499 939 612 989 retenta
628 939 754 1000 luerunt,
767 939 799 990 ut
812 936 1009 990 difficillimum
1022 938 1069 1001 sit,
1079 939 1207 991 invenire
1225 952 1243 990 a
1259 938 1361 1003 quibus

165 1016 264 1069 arima
281 1018 473 1071 dominiorum
493 1011 662 1072 nostrorum
677 1020 753 1072 bona
779 1021 972 1086 occupentur:
994 1021 1145 1085 incipimus
1168 1023 1263 1073 minen
1285 1034 1361 1074 nnnc

163 1088 243 1151 [dien
254 1098 339 1165 plura
355 1113 389 1153 ac
407 1099 491 1167 plura
506 1102 646 1156 invenire.
659 1102 704 1155 Ad
717 1101 771 1153 hoc
788 1103 865 1155 enim
882 1116 995 1156 omnem
1012 1103 1137 1154 animum
1154 1105 1282 1154 noenum
1299 1118 1363 1156 con·

163 1181 285 1244 ertimus,
296 1182 453 1250 instigante
465 1198 522 1236 non
534 1184 619 1237 dubie
632 1185 739 1250 optimo
752 1199 784 1236 ac
798 1184 957 1250 justissimo
976 1184 1046 1244 Deo,
1057 1198 1093 1237 ne
1109 1183 1201 1249 iniqui
1213 1183 1258 1247 illi
1275 1199 1361 1238 occu·

163 1265 253 1315 nores
274 1264 383 1317 animas
401 1278 467 1318 suas
484 1266 514 1318 in
535 1268 703 1332 perpetuam
721 1266 931 1319 damnationem
948 1265 1070 1332 amplius
1089 1268 1271 1333 precipitem.
1290 1266 1360 1320 (ium

163 1344 228 1396 itur
245 1344 327 1407 baec,
340 1347 375 1399 de
392 1347 495 1412 quibus
512 1348 595 1401 nobis
611 1363 675 1401 cum
691 1349 855 1415 praeposito
874 1349 1073 1402 Darentriensi
1091 1349 1285 1403 controversia
1305 1352 1360 1415 est,

163 1426 299 1480 eiusmodi
316 1442 379 1483 esse
400 1429 558 1484 clarissime
585 1430 754 1492 invenimus,
782 1432 813 1483 ut
837 1431 995 1496 iustissimo
1017 1431 1202 1484 haereditatis
1222 1431 1306 1484 titulo
1324 1432 1360 1484 ad

163 1508 340 1565 litimonium
362 1526 401 1567 ac
423 1513 580 1566 dominium
604 1516 732 1566 nostrum
754 1512 896 1580 legittime
919 1515 977 1566 sint
999 1515 1166 1581 spectantia,
1190 1528 1261 1583 ergo
1283 1515 1359 1581 jnre,

163 1591 259 1659 gibus,
281 1596 487 1649 consuetudine
511 1597 541 1648 et
561 1596 722 1663 privilegiis
748 1596 831 1648 nobis
852 1596 882 1649 ct
904 1597 1006 1649 ditium
1029 1598 1144 1650 nostrae
1167 1597 1309 1650 concessis
1332 1600 1362 1650 et

163 1675 281 1728 mustis
306 1676 418 1744 agimus
445 1680 475 1730 et
498 1680 606 1731 utlmur
627 1678 663 1730 ad
686 1692 722 1732 ea
740 1679 944 1744 recuperanda,
967 1677 1075 1731 nullam
1094 1679 1150 1730 vim
1173 1679 1357 1738 intentantes,

163 1757 376 1824 escripttonem
393 1774 461 1813 sanc
473 1762 671 1826 possessionis,
685 1774 769 1825 quam
782 1774 947 1826 presumere
959 1760 1081 1820 ridetur,
1096 1760 1202 1813 nullam
1220 1761 1358 1824 ducimus,

164 1840 321 1905 potequae
335 1840 467 1908 plurimis
485 1842 624 1895 bellorum
639 1844 669 1895 et
688 1843 808 1895 infinitis
825 1857 899 1909 pene
920 1842 1087 1895 tumultibus
1104 1843 1359 1917 etlturbationibus

163 1924 298 1987 tempta
308 1936 422 1990 semper
432 1926 529 1986 inerit,
543 1928 572 1978 et
583 1927 737 1992 occupator
748 1925 813 1977 talis
825 1939 858 1977 ac
870 1924 921 1977 tali
933 1927 1061 1991 tempore
1079 1919 1157 1976 nullo
1176 1924 1244 1978 licet
1253 1924 1359 1992 longis·

163 2017 207 2054 mo
219 2017 361 2057 annorum
372 2007 493 2059 circuitu
504 2008 684 2073 prescribere
695 2009 805 2073 poterit
821 2010 851 2061 ct
867 2006 1008 2062 malelldei
1029 2021 1176 2073 possessor
1194 2006 1272 2059 nullo
1289 2009 1359 2061 tem·

163 2099 205 2138 »re
215 2087 397 2151 praescribit,
410 2103 502 2152 neque
514 2090 656 2156 possessio
668 2092 758 2144 vetari
770 2092 848 2143 recte
866 2090 981 2155 poterit,
1003 2090 1053 2141 sed
1069 2089 1266 2142 ecclesiastica
1278 2103 1360 2142 occu·

163 2168 223 2231 dio,
236 2181 351 2234 quoque
362 2170 420 2223 dici
431 2186 488 2224 non
499 2174 618 2238 possunt
635 2187 671 2226 ea
686 2173 771 2233 bona,
784 2186 839 2238 que
857 2185 1000 2237 nunquam
1017 2170 1139 2224 ecclesia
1149 2173 1295 2238 possessit,
1308 2172 1359 2225 sed

174 2242 304 2305 dlximm
315 2254 474 2320 occuparit.
486 2253 541 2306 'lut
552 2256 652 2325 tantae·
660 2255 741 2307 nobis
753 2256 845 2308 iactae
857 2255 924 2306 sunt
940 2254 1072 2315 iniuriae,
1085 2253 1249 2307 beatissime
1265 2256 1356 2320 pater,

182 2333 358 2400 patrimonio
378 2349 412 2388 ac
432 2335 557 2389 dominio
576 2339 674 2390 nostro
695 2337 889 2397 distrahendo,
910 2336 1060 2389 alienando
1084 2337 1113 2389 et
1133 2336 1305 2402 occupando,
1327 2339 1359 2389 ut

163 2429 229 2480 sque
240 2416 328 2469 scribi
353 2431 445 2482 neque
466 2419 521 2471 dici
538 2418 622 2472 iacile
642 2421 741 2485 possit.
762 2420 796 2472 Id
819 2419 938 2481 scilicet,
953 2419 1029 2483 quod
1045 2417 1139 2473 felicis
1150 2419 1358 2471 recordationis

163 2499 225 2550 soni
246 2498 358 2551 decimo
377 2500 574 2567 predecessori
596 2501 761 2555 Sanctitatis
780 2501 898 2555 Vestrae
918 2515 1001 2567 quam
1019 2503 1162 2567 potuimus
1179 2501 1256 2553 clare
1275 2500 1357 2553 etad

163 2593 251 2632 enum
260 2594 313 2647 per
324 2585 453 2635 oratores
464 2587 578 2635 nostros
594 2586 718 2636 maxima
728 2599 791 2636 cum
809 2583 926 2649 querela
942 2583 1088 2636 declarare
1100 2584 1156 2635 iam
1174 2583 1278 2636 dudum
1290 2584 1358 2635 ieci·

163 2677 206 2714 us.
219 2663 299 2723 Quae
315 2665 341 2716 si
359 2664 499 2718 Sanctitas
511 2666 612 2720 Vestra
629 2666 784 2719 audivisset
800 2681 833 2718 ac
852 2665 1051 2725 intellexisset,
1069 2681 1132 2717 non
1144 2665 1304 2717 dubitamus
1321 2665 1357 2717 ad

163 2743 204 2798 lia
215 2745 298 2797 nobis
308 2745 408 2799 brevia
419 2748 590 2814 scripturam
608 2752 637 2803 et
648 2749 799 2801 missuram
816 2763 873 2801 non
893 2749 996 2813 luisse;
1014 2745 1263 2800 vehementissimo
1280 2760 1357 2800 nam·

163 2827 299 2880 redolere
310 2843 363 2882 nos
375 2831 473 2889 afficit,
492 2831 567 2895 quod
579 2832 608 2884 in
620 2832 700 2884 brevi
713 2832 875 2900 sanctitatis
888 2830 1006 2883 Vestrae
1026 2828 1149 2896 legimus
1166 2829 1237 2881 haec
1247 2830 1355 2883 verbe:

163 2908 284 2975 sapiunt
293 2912 370 2964 enim
381 2914 539 2979 praemissa
549 2913 627 2966 illam
640 2915 806 2981 pestiferam
818 2916 848 2967 ct
860 2914 1020 2967 damnatam
1031 2911 1146 2965 heresin
1164 2911 1355 2965 Lutheranam

163 3006 188 3044 c.
203 3015 230 3045 υ.
242 2992 299 3048 sed
310 2998 404 3049 tamen
417 2996 492 3048 haud
512 2997 584 3049 lalso
603 2998 782 3064 suspicamur
801 3012 836 3051 ex
855 3011 975 3063 quorum
992 2995 1084 3049 relatu
1104 2997 1133 3048 et
1151 2994 1355 3070 lniormatione

163 3073 205 3127 lia
220 3076 370 3143 scripserit
389 3076 531 3132 Sanctitas
553 3081 665 3133 Vestra.
687 3081 872 3146 Praepositus
891 3081 968 3132 enim
989 3079 1200 3132 Darentrlensis
1221 3080 1355 3136 nuncium

163 3160 261 3211 ratum
269 3157 400 3213 Drossati
412 3161 504 3216 nostri
513 3162 623 3215 litteras
633 3162 677 3215 illi
686 3164 854 3224 madentem,
865 3163 958 3228 primu
968 3162 1063 3214 statim
1072 3160 1158 3214 verbo
1167 3161 1356 3233 interrogavit

163 3241 224 3303 laod
234 3240 353 3294 minime
365 3244 400 3295 de
412 3258 446 3295 eo
456 3246 635 3309 sperassem),
649 3257 716 3296 num
725 3247 754 3295 et
766 3259 817 3295 nos
829 3257 941 3308 quoque
953 3243 1109 3297 Lutherani
1121 3255 1260 3295 essemus:
1274 3242 1354 3313 Quod

163 3336 187 3372 >s
198 3322 316 3375 verbum
328 3329 492 3377 revocantes
503 3326 534 3377 in
546 3327 670 3377 animum
680 3326 874 3378 maximacum
885 3323 1139 3389 querelaadhuius
1151 3327 1355 3377 sacrosanctae

163 3404 211 3455 ldis
233 3407 347 3458 vestrae
370 3407 540 3472 apostolicae
565 3409 765 3461 auctoritatem
788 3409 940 3460 deferimus
963 3408 994 3458 et
1017 3406 1185 3471 deponimus
1211 3406 1355 3459 christum

163 3499 226 3539 eum
236 3487 341 3539 testem
351 3488 516 3542 invocantes
528 3490 663 3555 iniuriam
675 3492 827 3542 maalmam
839 3490 925 3542 verbo
937 3487 988 3540 illo
1001 3490 1031 3541 et
1041 3488 1216 3554 imprudenti
1227 3493 1256 3540 et
1266 3490 1354 3555 impio

163 3569 216 3621 >bis
235 3571 351 3622 iactam⁴
368 3571 452 3624 certe
472 3573 497 3623 si
518 3572 710 3625 Lutheranum
729 3573 859 3625 videatur
875 3585 938 3624 esse
963 3570 1165 3636 patrimonium
1189 3571 1354 3622 distractum

163 3651 315 3719 colligere,
324 3652 480 3705 alienatum
492 3656 521 3706 et
532 3657 700 3720 occupatum
711 3667 883 3720 recuperare
895 3654 1051 3705 secundum
1066 3650 1156 3719 leges,
1176 3652 1251 3716 iura,
1269 3652 1355 3717 privi-

163 3735 211 3800 gia
231 3736 262 3787 et
280 3736 502 3788 consuetudines
521 3737 640 3802 patriae,
660 3737 875 3804 quantomagis
895 3736 1090 3788 Lutheranum
1107 3736 1172 3794 erit,
1193 3735 1216 3784 si
1234 3734 1354 3799 praelati

163 3816 273 3868 clesiae
286 3817 463 3871 Christianae
473 3818 593 3871 aliorum
605 3819 776 3885 patrimonia
786 3819 967 3884 contentum,
980 3819 1070 3886 leges,
1088 3817 1307 3870 consuetudines
1324 3820 1354 3870 et

163 3898 286 3965 lvilegia
296 3900 408 3965 patriae
419 3913 558 3966 occupare
570 3901 599 3952 et
609 3903 735 3954 retinere
758 3915 814 3953 non
834 3903 980 3954 verentur.
1001 3901 1186 3954 subvenimus
1198 3913 1283 3966 saepe
1299 3913 1352 3966 pro

163 3980 415 4033 lmimonionostro
435 3981 479 4034 vel
499 3984 695 4047 recuperando
713 3982 759 4035 vel
779 3984 957 4036 defendendo
974 3983 1002 4034 vi
1022 3984 1107 4046 atque
1125 3983 1210 4034 armis
1230 3982 1354 4033 maxima

163 4063 270 4122 ricula,
282 4064 313 4116 in
331 4065 442 4129 quibus,
456 4066 480 4116 si
493 4080 544 4116 nos
556 4065 740 4118 succumbere
752 4066 781 4117 et
792 4066 865 4116 mori
882 4064 1059 4132 contigisset,
1073 4063 1143 4117 nihil
1160 4064 1254 4116 minus
1272 4064 1353 4115 nobis

163 4161 214 4199 lam
226 4146 336 4201 christi
348 4147 513 4199 martiribus
524 4147 672 4200 felicitatis
685 4149 715 4200 in
726 4161 819 4215 regno
836 4147 981 4199 coelorum
1000 4160 1051 4213 pro
1069 4160 1104 4198 ea
1119 4148 1212 4200 morte
1229 4147 1356 4200 debitum

169 4230 269 4281 datum
279 4230 371 4282 tuisse
388 4230 563 4282 conscientia
580 4245 681 4283 secura
700 4232 731 4284 et
750 4230 992 4284 christianissimo
1013 4229 1135 4280 tirmiter
1151 4230 1244 4281 animo
1265 4228 1355 4282 credi·

163 4327 191 4364 rs
203 4313 235 4365 et
246 4313 389 4377 quomodo
402 4312 597 4365 Lutheranum
609 4315 675 4377 erit,
687 4314 717 4365 id
729 4315 773 4366 est
784 4312 958 4366 haereticam
978 4313 1099 4377 perdere
1112 4313 1220 4377 poteris
1233 4313 1355 4363 enimam

163 4395 225 4447 nvi
238 4407 333 4459 neque
345 4395 443 4453 armis,
466 4396 551 4458 (quod
562 4395 647 4447 facile
659 4396 689 4447 in
702 4395 755 4461 hys
768 4409 913 4460 possemus
930 4393 1061 4458 exemplo
1079 4393 1233 4445 multorum
1251 4393 1355 4457 princi*

163 4491 196 4530 mr
208 4477 540 4542 Christianissimorum).
554 4477 604 4529 sed
616 4477 744 4530 modeste
756 4477 878 4544 legibus,
896 4479 970 4540 lure,
990 4475 1152 4543 privilegiis
1166 4477 1196 4527 et
1206 4475 1355 4527 consuetu·

163 4573 198 4614 ne
209 4560 306 4630 patrie
317 4559 392 4614 idem
405 4573 501 4629 agere.
515 4559 681 4613 Humillime
694 4560 785 4628 igitur
802 4562 832 4613 et
849 4573 912 4622 cum
925 4573 960 4611 ea
970 4572 1027 4626 qua
1037 4571 1186 4625 possumus
1203 4557 1353 4614 devotione
