3224 5400
199 478 250 529 244
721 479 827 534 ANNO
846 480 909 531 1527

198 642 262 692 tuos
292 654 438 705 revocare,
468 655 500 692 ac
533 655 645 693 omnem
674 641 801 694 heresim
829 642 1023 694 Lutheranam
1051 643 1081 692 et
1109 652 1323 704 quamcumque
1347 640 1418 691 aliam

198 723 339 784 abiurare,
359 724 538 776 attendentes
556 725 632 787 quod
649 723 772 776 ecclesia
789 724 920 778 Romana
932 724 1037 775 nemini
1049 722 1162 774 claudit
1172 723 1318 789 gremium
1329 725 1418 787 sponte

197 806 340 870 redeuntj.
365 807 400 857 de
422 806 607 870 providorum
635 807 763 857 virorum
793 808 823 858 in
851 805 999 872 theologia
1026 807 1056 858 et
1077 806 1145 870 J'urc
1165 806 1327 870 peritorum
1349 805 1417 856 nobis

198 889 389 939 assistentium
413 889 533 940 consilio
557 903 589 940 ac
614 891 726 940 matura
747 903 834 954 super
854 889 964 942 cunctis
985 888 1083 941 habita
1103 887 1326 943 deliberatione.
1345 890 1371 939 tc
1387 888 1415 937 ai

198 971 408 1022 revocationem
426 973 455 1022 et
472 971 680 1023 abiurationem
699 986 831 1023 errorum
853 974 967 1024 tuorum
984 971 1163 1036 recepimus;
1184 970 1295 1021 Christi
1316 970 1414 1021 nominc

198 1052 339 1113 invocato,
363 1068 415 1118 pro
439 1054 574 1106 tribunali
603 1055 736 1107 sedentes
759 1069 793 1106 ac
815 1054 906 1106 solum
931 1055 1022 1106 Deum
1045 1056 1075 1107 et
1095 1053 1246 1117 iusticiam
1268 1065 1319 1118 pra
1338 1051 1414 1103 oculis

197 1135 345 1195 babentes,
358 1136 578 1187 condemnamus
592 1139 618 1188 te
631 1137 666 1187 ad
678 1138 870 1189 revocandum
889 1139 919 1189 et
936 1136 1125 1188 abiurandnm
1145 1133 1265 1199 publice
1282 1134 1316 1186 ad
1331 1134 1412 1187 suun

197 1231 292 1269 coram
305 1217 387 1269 nobis
403 1220 433 1269 et
449 1219 479 1269 in
496 1219 641 1282 presentia
658 1218 849 1285 [dominorum
865 1218 1094 1271 consiliariorum
1112 1218 1260 1270 cesareae
1272 1214 1411 1282 mesti&

197 1302 227 1352 ct
238 1297 370 1366 aliorum]
382 1298 429 1350 bic
440 1300 603 1359 astantium,
613 1314 727 1352 omnem
740 1301 864 1354 heresim
876 1300 1069 1354 Lutheranam
1082 1301 1112 1352 et
1124 1296 1410 1364 quatacumquealtan

195 1383 225 1434 et
240 1381 376 1447 precipue
393 1382 484 1433 dictos
502 1384 565 1433 tuos
583 1396 712 1446 errorem
725 1385 755 1435 et
767 1385 885 1449 insuper
897 1385 925 1435 te
942 1383 977 1434 ab
991 1383 1069 1435 omni
1080 1382 1231 1435 sententia
1241 1380 1411 1434 excommun

193 1464 314 1516 cationis
331 1466 360 1516 et
378 1464 601 1529 quibuscumque
619 1466 750 1517 censuris
768 1463 959 1528 absolventes,
979 1478 1032 1530 pro
1052 1463 1174 1531 speciali
1192 1464 1353 1530 penitentia
1367 1474 1408 1527 per

195 1546 314 1599 eandem
344 1548 469 1597 nostram
494 1549 670 1600 sentenciam
693 1549 914 1600 condemnamus
938 1550 966 1599 tc
989 1548 1025 1599 sd
1047 1548 1282 1600 reassumentum
1303 1545 1409 1597 mblwu

195 1627 346 1694 religionis
364 1629 411 1679 tue
430 1631 612 1694 consuetum
630 1632 660 1681 et
677 1633 709 1681 ut
726 1631 761 1681 de
780 1632 829 1680 tua
844 1630 1005 1694 penitentia
1021 1631 1134 1681 constet
1150 1629 1190 1699 ct·
1202 1627 1269 1693 alus
1286 1628 1409 1693 appelait

196 1706 336 1768 volumus,
361 1710 436 1772 quod
460 1711 490 1759 tu
515 1710 544 1761 in
568 1710 742 1761 monasterio
768 1710 802 1761 de
826 1709 953 1770 'throno
984 1710 1064 1761 cuius
1087 1708 1248 1776 religiosus
1271 1710 1301 1761 et
1320 1708 1347 1759 in
1365 1720 1408 1770 quo

195 1791 342 1855 protessus
365 1791 475 1849 existis,
500 1805 550 1843 seu
581 1791 637 1843 alio
664 1792 838 1843 monasterio
867 1792 995 1844 ciusdem
1024 1791 1144 1854 ordinis,
1174 1791 1311 1857 expensis
1333 1791 1408 1840 bueo

197 1873 360 1936 monasterij
382 1873 417 1923 de
441 1873 568 1933 l'lirono,
594 1874 718 1926 tenearis
741 1875 771 1925 et
790 1874 863 1926 bene
884 1873 1054 1925 custodiaris
1074 1874 1103 1923 in
1123 1872 1292 1924 carceribus
1313 1870 1408 1926 ibidem.

196 1965 249 2016 pro
267 1954 425 2004 commissis
442 1953 555 2005 delictis
572 1955 777 2019 poenitentiam
795 1958 975 2019 peracturus,
988 1955 1079 2006 donec
1095 1956 1123 2006 te
1142 1952 1330 2006 relaxandum
1339 1952 1408 2003 duxe-

197 2035 300 2097 rimus3
321 2035 488 2087 mandantes
508 2040 662 2101 propterea
682 2035 839 2101 apostolica
859 2037 1033 2089 authoritate
1054 2036 1178 2087 dominis
1198 2036 1293 2101 priori
1313 2037 1342 2087 et
1358 2047 1407 2085 cou-

195 2117 292 2167 ventui
310 2117 377 2167 dicti
396 2120 560 2180 monastcrlj
580 2120 614 2169 de
633 2119 760 2176 Throno,
779 2123 920 2183 quatenus
938 2124 965 2180 te
983 2117 1061 2169 tideli
1078 2118 1132 2168 sub
1149 2118 1285 2169 custodia
1300 2118 1327 2168 iu
1342 2114 1408 2167 (lictis

197 2198 360 2250 carceribus
381 2201 488 2250 servari
509 2202 625 2264 iaciant,
649 2202 683 2251 ad
706 2203 792 2253 tinem
813 2203 888 2264 qnod
909 2202 1032 2265 desuper
1051 2200 1230 2264 respondere
1252 2202 1282 2251 et
1300 2200 1328 2251 to
1344 2197 1408 2249 uobis

197 2278 335 2331 exhibere
353 2280 466 2331 valeant
483 2283 616 2344 quotiens
632 2283 764 2345 requisiti
782 2285 880 2345 erunt3
899 2282 1103 2334 interdicentes
1115 2280 1180 2340 tibi,
1193 2294 1232 2333 ne
1250 2281 1286 2332 de
1301 2276 1409 2331 articulis

197 2361 274 2424 fidei,
285 2365 471 2414 sacramentis
482 2362 526 2414 vel
540 2364 597 2414 ritu
610 2377 660 2415 seu
669 2364 840 2415 ceremoniis
852 2363 974 2416 ecclesie
986 2366 1014 2415 te
1026 2363 1202 2414 intromittas
1212 2364 1263 2414 aut
1271 2361 1408 2414 imum
1428 2394 1432 2399 -

197 2456 268 2496 neve
297 2443 332 2494 de
359 2443 417 2494 illis
447 2444 583 2508 disputes,
607 2445 659 2496 sub
682 2459 756 2510 pena
779 2446 933 2497 arbitraria
955 2445 1092 2511 graviori.
1116 2443 1159 2496 Te
1182 2440 1407 2501 nihilominuad

197 2525 312 2587 quidem
328 2524 471 2589 peculium
488 2526 685 2589 proiecticiam
704 2526 818 2586 habeas,
838 2526 965 2590 alioquin
982 2526 1108 2590 priorem
1125 2526 1157 2577 et
1173 2521 1407 2577 monasteriumde

198 2606 313 2658 'throno
342 2608 511 2671 pretactum.
535 2608 563 2657 in
588 2609 718 2659 omnibus
741 2610 770 2660 et
793 2607 915 2673 singulis
943 2607 1076 2672 expensis
1104 2608 1163 2659 tam
1189 2607 1314 2659 carceris
1339 2616 1406 2669 quan

197 2687 265 2748 litis,
283 2690 428 2741 taxatione
449 2692 542 2741 tamon
563 2692 592 2741 ct
612 2691 807 2742 moderatione
827 2690 991 2741 earumdem
1014 2689 1097 2740 nobis
1117 2690 1277 2749 reservata,
1297 2686 1408 2740 condem

196 2773 307 2829 nantes,
330 2772 448 2835 provido
471 2773 533 2822 viro
558 2773 717 2838 [magistro]
741 2771 867 2826 iohanni
891 2771 1034 2836 uaequet,
1055 2771 1251 2836 procuratori,
1275 2772 1334 2833 (seu
1354 2769 1407 2818 tlseo

197 2855 294 2903 nostro
306 2853 335 2903 in
349 2855 468 2918 negocio
481 2854 702 2920 inquisitionis);

229 2934 266 2985 Et
277 2948 294 2985 a
304 2932 424 2998 reliquis
436 2936 564 2988 eiusdem
576 2937 771 3001 procuratoris
782 2936 880 3001 petitis
892 2938 922 2989 te
934 2934 1126 2988 absolventes.

229 3014 325 3076 Lecta,
342 3016 398 3068 lata
415 3019 444 3068 et
461 3017 490 3067 in
508 3019 622 3083 seriptis
639 3018 821 3085 promulgata
836 3019 892 3070 tuit
908 3019 1038 3083 protacta
1053 3016 1200 3070 sentemia
1215 3029 1271 3083 per
1281 3015 1408 3069 dommum

196 3099 333 3151 decanum
351 3100 381 3150 et
398 3100 596 3162 inquisitorem
613 3103 765 3165 prelatum,
779 3099 825 3167 [ad
843 3101 1008 3152 instantiam
1020 3100 1127 3166 prelati
1138 3095 1408 3167 maguntiensem

197 3180 329 3244 Macquet
352 3179 392 3247 et]
414 3181 444 3231 in
467 3183 613 3245 presentia
635 3183 734 3234 tratris
755 3182 890 3247 Ludovicl
912 3182 1046 3248 preteeti.
1066 3181 1204 3235 similiter
1223 3176 1409 3251 presentia&

198 3265 299 3326 expost
310 3263 427 3327 agnovit
438 3276 517 3315 suam
529 3262 641 3330 eulpam
658 3267 688 3317 et
705 3264 845 3316 abiuravit
856 3264 966 3316 iuxtum
984 3266 1115 3317 tenorem
1126 3262 1231 3317 sedule
1242 3264 1273 3315 in
1283 3258 1410 3329 pruenti!

197 3343 284 3395 etiam
301 3344 407 3409 domini
427 3345 457 3397 et
475 3345 603 3411 magistri
622 3347 711 3411 nostrl
733 3346 863 3413 magistr]
884 3345 985 3412 Jacobj
1006 3345 1149 3412 Lathoml.
1170 3346 1280 3399 mtium
1297 3346 1328 3398 et
1343 3351 1409 3395 saort

197 3425 302 3490 pagine
330 3427 510 3490 professoris,
540 3441 574 3479 ac
602 3429 730 3494 magistri
760 3428 878 3492 Adriani
906 3429 942 3481 de
972 3426 1157 3495 maetingen,
1178 3428 1256 3494 iuria
1277 3421 1408 3487 dacum

197 3506 303 3572 domini
326 3507 405 3572 Pctrj
425 3507 555 3568 Vordels‚
575 3511 681 3575 prioris
703 3511 870 3575 monasterii
891 3510 926 3562 de
947 3509 1075 3571 ‘llirono⁸
1097 3510 1206 3575 domini
1230 3506 1365 3572 Bernardl
1381 3504 1410 3555 dt

197 3587 296 3647 cruce,
320 3589 520 3655 archidyaconi
544 3593 769 3657 antwerpiensis
798 3593 827 3643 in
856 3591 979 3644 eeclesia
1007 3592 1225 3657 cameracensi3
1247 3586 1410 3658 preaeattbw

122 3689 128 3699 ·
196 3671 282 3722 etiam
299 3671 404 3723 ibidem
423 3673 560 3738 magistro
579 3672 681 3739 Egidio
700 3674 838 3734 Gilbeert‚
855 3673 1004 3740 capellano
1022 3673 1119 3739 Sancti
1133 3672 1217 3739 Petri
1231 3667 1408 3727 inveniam

197 3754 227 3804 et
238 3753 381 3818 Stephano
395 3753 536 3817 Macquet,
550 3756 681 3807 testibus.

229 3835 331 3886 Actum
348 3836 377 3885 in
396 3836 479 3886 domo
496 3837 599 3902 prelatj
619 3838 725 3903 domini
744 3838 842 3903 decanj
862 3837 1237 3904 ctinquisitoris.1.ov·anll
1256 3837 1331 3904 apud
1339 3833 1411 3891 etde

197 3914 268 3966 siam
289 3916 382 3980 Sanotj
404 3918 484 3983 Petri
506 3918 692 3971 Lovaniensis
712 3921 777 3979 sita,
791 3934 864 3971 anno
882 3930 930 3972 xva
947 3933 985 3971 xx
1004 3920 1137 3985 septimo,
1155 3921 1267 3973 mensis
1282 3918 1357 3983 Junli
1374 3916 1411 3967 dit

197 3997 331 4049 vicesima
348 4000 456 4063 quintu,
470 3999 542 4051 hora
554 4002 653 4053 octava
664 4004 729 4053 ante
742 4002 893 4054 meridiem
904 4001 950 4054 vel
962 4002 1089 4054 cmciter.

231 4078 322 4144 Super
334 4081 435 4144 quibus
447 4082 539 4133 dictus
551 4084 689 4148 magister
699 4083 847 4136 lohannes
859 4084 993 4148 Macquet
1003 4084 1097 4150 petiit,
1110 4084 1167 4137 etc.

459 4226 654 4291 Rijksarchiet
677 4232 705 4282 te
735 4231 862 4291 Brussel.
892 4231 1013 4287 Renoois
1041 4230 1078 4285 ds
1107 4229 1225 4294 Viennae.
1256 4227 1416 4287 lovennis.

491 4309 554 4362 deel
576 4311 637 4372 XV,
659 4312 744 4365 liassc
767 4323 797 4364 nr
819 4312 935 4367 XLVII.
954 4341 988 4353 -
1010 4314 1053 4367 De
1075 4314 1216 4368 vroorden
1240 4314 1374 4369 tusscbeu
1392 4309 1418 4375 [l

491 4391 634 4457 geplaatst
655 4394 710 4459 ailo
734 4396 894 4467 aengevuld
919 4409 988 4449 naar
1011 4409 1065 4449 een
1089 4395 1198 4449 dubbel
1222 4395 1379 4451 berasteinl
1396 4392 1421 4443 il

492 4473 619 4529 dcacltde
632 4475 725 4531 tiarae.
