3224 5400
574 459 678 514 ANNO
697 459 761 512 leae
1243 462 1277 515 ³)

57 628 180 694 gement.
192 625 353 687 alteration,
365 625 433 691 etc,
445 626 474 678 et
494 628 549 689 que
568 637 619 677 sar
629 623 708 677 leurs
728 624 857 691 loyautes
869 626 899 679 et
909 639 945 678 en
956 625 1035 680 leurs
1046 627 1229 682 consciences
1240 628 1276 683 ils

55 711 212 776 gauderont
223 707 373 761 l’honneur
384 710 414 762 et
435 707 602 760 conscience
626 706 662 760 de
681 707 855 774 l'empereur
863 710 892 761 et
904 708 1015 763 d'icelle
1026 711 1117 779 reine,
1127 726 1191 766 vers
1204 712 1277 765 Dieu

53 793 82 844 et
93 791 120 844 le
130 792 246 850 monde,
258 792 276 844 a
291 791 375 856 peine
383 789 486 855 qu'elle
498 805 516 856 y
528 789 726 856 pourvsoiroit
734 804 771 844 en
784 803 831 843 cas
843 792 879 844 de
891 790 1070 859 negligence.

87 873 251 935 Bruxelles,
263 872 441 926 Snovembre
452 871 526 924 1⁵25.

319 987 511 1041 Stadsarclniei
521 990 549 1040 te
561 987 663 1054 auset,
676 987 805 1057 Rspistro
821 987 915 1049 MNO.
928 989 978 1042 iol.
988 990 1037 1057 ³83
1051 993 1274 1061 aangehaaldblj

353 1071 484 1137 Houdoy,
499 1069 643 1139 Gbopttres
652 1067 687 1123 ds
697 1069 832 1126 thistos’rs
844 1072 878 1125 ds
893 1071 968 1135 elib,
977 1073 1031 1126 blz.
1044 1074 1128 1126 seso.

615 1280 713 1349 4³2.

107 1487 214 1561 1525,
246 1479 440 1548 November
462 1486 495 1558 4,
522 1477 695 1549 Ambern.
715 1483 831 1552 lierste
859 1485 1030 1553 antvvoord
1062 1505 1126 1554 van
1153 1487 1275 1575 hertog

48 1588 156 1656 Karel
177 1607 244 1656 van
265 1584 464 1656 Golderland
486 1605 528 1675 op
551 1585 704 1656 Clemens
726 1584 827 1656 VII's
841 1584 941 1655 breve
963 1608 1045 1657 over
1066 1589 1124 1659 het
1146 1590 1270 1679 goding

49 1691 227 1780 hangende
243 1689 397 1759 tussohan
413 1696 555 1760 maester
568 1692 632 1761 Jan
648 1689 916 1781 Inghovvijnkelt
931 1696 1042 1780 proost
1060 1713 1125 1761 van
1140 1694 1268 1762 Deven-

50 1801 118 1876 ter‚
137 1814 179 1862 en
194 1793 256 1862 den
267 1794 434 1862 drossoart
445 1793 505 1861 der
522 1793 673 1863 Veluvve.
694 1828 737 1845 -
750 1793 795 1860 Do
812 1793 932 1882 hertog
948 1792 1080 1883 betuigt
1095 1794 1162 1885 zijn
1178 1797 1272 1884 innig

50 1898 251 1977 le'edveaon,
269 1897 415 1965 daimon
430 1898 507 1965 hom
524 1918 566 1965 en
577 1898 686 1987 ziJnen
703 1897 872 1966 drosssart
884 1902 918 1966 te
935 1900 1040 1967 Rome
1056 1898 1099 1986 bij
1114 1898 1176 1967 den
1191 1921 1271 1988 paus

50 2021 134 2070 voor
159 2000 337 2069 verdaohto
363 2001 575 2070 Lutheranen
602 2000 692 2069 heest
712 2000 795 2069 doen
819 2000 998 2088 doorgaan.
1025 2002 1138 2071 Sohiar
1151 2002 1268 2089 gaheel

50 2103 266 2174 Duitschland
292 2107 380 2171 vvest
406 2103 468 2172 hoe
498 2104 611 2172 valach
642 2104 694 2172 die
716 2103 900 2192 aantiJging
923 2105 963 2172 is.
981 2105 1020 2174 In
1044 2125 1104 2174 een
1129 2105 1270 2194 volgend

52 2208 221 2297 achrijven
237 2207 288 2276 zal
304 2206 350 2293 hij
369 2227 448 2274 over
466 2207 505 2276 de
517 2207 600 2276 sack
616 2208 708 2276 salve
722 2207 953 2277 antvoorden.

83 2349 156 2402 Post
173 2345 270 2399 oscula
285 2347 390 2413 pedam
405 2346 635 2405 beatissimorum
650 2345 833 2400 devotissime
849 2347 1110 2401 recommendamus
1126 2362 1178 2401 nos
1190 2360 1272 2402 sanc·

52 2431 129 2484 titati
140 2429 264 2483 vestrae.

83 2512 256 2568 Beatissimo
272 2512 364 2577 pater.
382 2511 473 2564 Breve
484 2526 508 2564 s.
520 2527 547 2564 v.
559 2512 698 2578 scriptum
714 2526 767 2578 pro
784 2513 940 2565 venerabili
957 2513 1018 2566 viro
1035 2512 1130 2567 lohan
1146 2513 1269 2581 lugbeu-

51 2594 188 2662 vvynkcll,
208 2593 371 2661 praeposito
390 2593 598 2653 Deventriensi‚
616 2608 681 2647 cum
697 2608 733 2648 ea
749 2608 805 2659 qua
819 2596 996 2661 potuerimus
1015 2596 1177 2649 reverentie
1195 2609 1272 2649 acoe-

50 2680 145 2745 pimus
162 2678 193 2730 ct
214 2675 416 2737 intelleximus,
440 2676 544 2728 mirum
562 2676 593 2728 iu
613 2678 727 2729 modum
750 2676 879 2730 dolentes
899 2679 974 2742 quod
996 2678 1027 2730 in
1047 2691 1081 2731 eo
1101 2678 1223 2746 legimus
1242 2679 1273 2731 et

50 2759 301 2814 animadvertimus
318 2773 370 2811 nos
390 2759 420 2811 et
439 2759 598 2811 drossatum
618 2760 747 2812 nostrum
763 2773 858 2812 coram
878 2761 1028 2814 sanctitate
1048 2767 1143 2814 vestra
1162 2760 1270 2815 delatos

49 2845 199 2896 accusatos
209 2854 273 2895 esse
290 2842 371 2906 quasi
387 2841 543 2893 Lutherani
560 2854 696 2901 essemus,
714 2841 744 2893 id
761 2842 835 2907 quod
851 2841 1035 2895 falsissimum
1053 2857 1116 2896 esse
1132 2845 1193 2896 tota
1208 2845 1270 2898 iere

49 2928 130 2979 novit
149 2925 303 2978 Germania
323 2925 353 2977 et
376 2923 519 2976 Christum
542 2924 633 2977 Deum
655 2926 757 2976 testem
779 2923 915 2978 babemus
935 2927 965 2978 et
986 2926 1148 2978 invocamus
1170 2927 1271 2980 contra

50 3022 159 3070 omnes,
171 3007 222 3073 qui
232 3007 287 3059 boc
297 3022 321 3058 s.
333 3021 359 3059 v.
371 3006 494 3072 pessime
505 3006 578 3072 prob
590 3006 683 3058 dolor!
696 3007 726 3059 et
737 3006 914 3071 iniquissime
930 3009 1141 3074 persuaserunt.
1158 3009 1201 3062 De
1212 3023 1268 3074 quo

50 3094 145 3144 tamen
157 3092 189 3144 et
203 3090 307 3143 ceteris
318 3090 348 3142 in
358 3089 446 3142 breve
463 3088 537 3140 dicto
555 3089 696 3141 contentis
708 3088 821 3155 plenius
833 3089 1023 3143 deliberantes
1034 3091 1267 3158 respondebimus

50 3176 79 3226 et
96 3171 291 3226 rescribemus
309 3185 374 3223 cum
400 3170 500 3236 primis
522 3170 558 3221 sd
583 3171 761 3223 emetitatem
782 3173 914 3231 vestram,
936 3186 1017 3236 quam
1039 3172 1116 3225 Deus
1138 3174 1168 3226 in
1190 3174 1267 3228 omni
1369 3240 1372 3248 Ι

49 3256 188 3312 felicitate
200 3253 307 3308 salvam
318 3255 348 3307 et
357 3255 528 3308 incolumem
539 3255 570 3308 et
581 3266 665 3318 quam
676 3254 799 3307 mamma
810 3254 959 3321 longevum
970 3257 1127 3309 conservet.

81 3339 125 3394 lix
138 3338 225 3406 opido
237 3339 335 3390 nostro
345 3337 545 3400 Arnbemensi,
558 3337 598 3403 iiij
612 3337 718 3390 mensis
729 3336 897 3390 Novembris
909 3351 982 3390 anno
993 3352 1055 3390 xxv.

957 3435 1074 3490 charles

853 3518 1097 3572 obedientissimus
1109 3519 1184 3572 tilius

796 3599 923 3662 carolus,
937 3603 994 3654 dux
1005 3602 1128 3668 Galliae,
1138 3603 1233 3658 duliae

867 3697 961 3738 comes
972 3685 1155 3752 zutphaniae.

310 3797 428 3851 Archiel
439 3797 468 3850 te
479 3796 615 3857 unbem,
628 3796 658 3848 in
674 3796 724 3849 het
736 3797 798 3850 Lib.
815 3810 855 3850 xu
871 3800 1095 3866 geregistreerd3
1113 3805 1266 3871 aigedrukt

342 3881 381 3946 bij
394 3879 428 3931 G.
441 3893 494 3933 van
506 3878 630 3938 liasselt,
648 3877 774 3932 &alhs
784 3893 852 3934 ocor
868 3879 903 3934 de
916 3879 1133 3939 noduloodscbs
1142 3884 1263 3950 torm,

344 3963 408 4017 deel
419 3961 460 4030 11,
470 3961 525 4015 bia.
536 3960 579 4025 ⁷5,
589 3961 632 4012 76.

608 4164 706 4232 433.

100 4366 211 4446 1525,
224 4360 328 4446 (odor
343 4357 540 4429 November
558 4361 609 4448 9),
631 4361 784 4430 Uirecbt.
806 4363 986 4434 Uittreksel
1003 4368 1050 4435 uit
1078 4367 1118 4435 de
1147 4367 1263 4436 Stacta-

41 4467 486 4557 kamaram-retentem
501 4489 579 4536 over
595 4469 636 4537 do
650 4470 925 4558 gevengenscbap
941 4489 1006 4539 van
1023 4471 1120 4540 Jacob
1135 4472 1259 4541 Ruiten
