3224 5400
681 498 931 554 AANHANGSEL
1366 503 1414 556 411

191 663 332 729 perlecta,
340 664 451 727 quando
459 665 545 715 Cesar
554 664 624 716 hara
631 666 706 716 lacto
716 665 853 730 bruggiar
863 678 919 716 una
927 679 1019 718 mazza
1028 667 1148 718 domena
1157 667 1185 716 di
1195 667 1250 718 rivi
1261 665 1415 720 Lutherani

192 747 226 798 et
237 744 259 796 li
269 746 334 797 beni
346 746 500 798 confiscati.
510 747 546 799 Al
558 748 620 805 che,
631 762 726 799 senon
737 761 767 798 se
776 760 944 814 corregono,
954 751 1033 800 certo
1042 750 1207 800 slorzeromi
1216 750 1352 816 impetrar
1362 750 1415 802 che

195 841 229 879 se
247 829 371 893 proceda
382 844 435 879 con
449 828 476 879 lo
489 830 585 880 adiuto
599 830 626 880 di
639 831 692 880 Dio
710 831 740 881 et
755 830 831 882 buon
849 830 928 882 voler
946 833 973 881 di
992 834 1090 895 questo
1103 845 1169 883 rere
1181 831 1415 884 christianissimo

193 908 337 974 principe,
358 909 385 961 al
405 909 488 973 quale
509 910 545 960 ho
565 912 636 961 tatto
656 910 683 961 le
702 912 960 962 raccomandationi
981 912 1009 963 di
1026 912 1059 962 V.
1079 911 1106 962 S.
1127 912 1200 975 ΒΜ,
1221 913 1274 964 che
1293 926 1344 979 per
1364 922 1415 965 sue

193 989 301 1043 lettere
313 1005 358 1044 me
371 993 546 1043 commanda.
560 993 646 1044 Cuius
657 994 862 1044 sacratissimas
874 1007 973 1044 manus
985 993 1142 1047 humillime
1155 994 1276 1046 osculor.
1293 1020 1297 1028 ·

231 1071 387 1135 Bruxellis,
400 1087 419 1126 u
432 1073 509 1140 Sept.
522 1088 620 1126 norm.
1395 1071 1397 1076 ‘

458 1172 576 1225 Archiel
586 1188 640 1226 van
652 1174 702 1227 het
713 1174 849 1227 Vatikaan
863 1177 891 1228 te
908 1176 1005 1237 Romo,
1019 1176 1147 1229 Nuntiat.
1161 1177 1291 1230 German.
1305 1178 1337 1235 L,
1352 1177 1412 1242 1973

490 1256 645 1321 algcdrulst
666 1257 703 1320 bij
734 1255 833 1318 Balan‚
863 1257 1051 1322 Monumenta,
1081 1259 1134 1312 hlz.
1163 1259 1281 1318 ass-ast,
1311 1274 1347 1312 en
1375 1260 1412 1325 blj

490 1336 620 1405 Briegsr‚
632 1337 684 1391 hlz.
699 1337 817 1389 aso-263.

708 1558 784 1628 76⁷
811 1551 902 1644 (53⁶).

249 1765 353 1836 1521,
383 1756 584 1841 September
618 1767 651 1837 5,
685 1757 836 1824 Zoiboen
868 1759 1046 1841 (Zaberni
1070 1760 1206 1845 Elaos).
1234 1760 1414 1829 Uittraksel

196 1862 244 1930 uit
261 1883 363 1930 senen
377 1863 666 1953 vertrouwslijken
683 1863 769 1930 brief
778 1884 841 1931 ran
860 1866 1006 1946 Willem‚
1027 1865 1174 1951 bissehop
1192 1886 1255 1931 van
1271 1865 1413 1932 Straats-

196 1965 292 2054 burg,
311 1987 372 2032 aan
391 1966 535 2033 Erardus
560 1969 685 2034 vander
709 1968 814 2046 Maris,
835 1967 983 2053 birschop
1008 1989 1072 2036 van
1090 1967 1183 2047 Luik,
1203 1966 1339 2055 waarbij
1366 1967 1411 2054 hij

195 2071 270 2137 hem
287 2091 348 2137 ean
363 2070 532 2137 kettarsch
556 2069 672 2160 boekje
696 2071 794 2137 aendt
817 2092 858 2137 en
884 2072 958 2138 hem
981 2073 1107 2139 nisuws
1137 2079 1251 2158 vraagt
1275 2090 1355 2137 over
1374 2069 1414 2136 de

194 2172 340 2259 heading
356 2173 413 2240 des
429 2175 563 2241 Ksizsrs
579 2178 758 2261 tegenovar
774 2175 814 2242 de
830 2175 976 2265 kettsrij.

227 2328 301 2381 Res.
313 2328 343 2380 in
353 2327 464 2381 Christo
477 2330 552 2395 patri
569 2331 683 2382 domino
694 2329 814 2390 Erardo,
828 2333 960 2396 episcopo
973 2331 1137 2395 Leodiensi‚
1150 2330 1215 2381 duci
1227 2331 1257 2381 in
1269 2327 1371 2380 Bulion
1385 2328 1415 2380 et
1500 2319 1501 2323 ’

198 2410 297 2462 comiti
314 2411 349 2463 de
366 2412 510 2478 Arnburg.
529 2414 642 2465 domino
660 2415 690 2467 et
707 2414 796 2465 amico
814 2428 878 2466 meo
896 2414 1072 2465 charissimo.
1091 2415 1136 2467 Ad
1154 2426 1253 2464 manus
1272 2411 1414 2477 proprias.

229 2521 398 2575 Reverende
410 2525 439 2575 in
452 2525 565 2577 Christo
576 2528 666 2591 pater,
680 2527 793 2579 domine
805 2529 834 2579 et
846 2528 935 2579 amice
948 2528 1082 2593 precipuo
1095 2530 1124 2578 ot
1135 2526 1297 2592 singularis.

227 2606 368 2658 Hortatur
387 2621 432 2658 mc
453 2607 590 2659 mirabilis
610 2608 797 2669 familiaritas,
820 2624 876 2674 qna
895 2612 1051 2675 paternitas
1071 2611 1166 2660 vestra
1185 2607 1255 2658 mihi
1276 2607 1413 2672 preterito

195 2688 337 2755 imperiali
349 2692 488 2742 conventu
505 2691 667 2743 Wormacie
685 2692 888 2745 humanissime
905 2693 1055 2743 admodum
1072 2693 1238 2743 conversata
1255 2692 1307 2749 est,
1320 2691 1413 2741 vestre

194 2770 364 2823 humanitati
384 2772 462 2823 hisce
483 2774 596 2837 scriptis
618 2775 817 2826 documentum
837 2780 966 2841 prestare
989 2788 1087 2826 eorum
1111 2788 1207 2826 rerum
1230 2787 1275 2825 me
1299 2773 1414 2824 minime

194 2848 323 2906 oblitum.
348 2851 399 2902 sed
423 2852 518 2915 potius
541 2866 576 2903 ex
601 2866 634 2904 eo
658 2853 694 2904 ad
715 2854 862 2904 interioris
885 2855 1008 2906 cuiusvis
1036 2854 1160 2905 amicitie
1189 2853 1283 2903 officia
1311 2852 1413 2903 nedum

193 2933 405 2998 provocandum
417 2935 511 2985 utrum
524 2935 616 2986 indies
628 2935 828 2999 procliviorem
841 2936 975 2999 vobisque
993 2936 1029 2987 ad
1046 2937 1140 2986 vestra
1157 2938 1222 2986 vota
1239 2935 1302 2986 fleri
1321 2933 1414 2985 addic-

194 3015 306 3074 horem,
326 3029 434 3068 summe
455 3017 640 3068 desiderando
658 3031 753 3069 rerum
771 3021 929 3069 vestrarum
951 3031 1121 3074 successum,
1147 3030 1229 3080 quem
1252 3016 1330 3066 vobis
1349 3028 1414 3080 pro·

194 3109 312 3162 sperum
323 3100 435 3163 exopto,
448 3100 573 3150 vicissim
585 3100 722 3151 ediscere.

227 3178 379 3232 Emansrit
405 3181 489 3247 paulo
519 3184 584 3234 ante
613 3182 726 3234 libellus
754 3183 863 3234 incerto
892 3186 990 3236 autore
1019 3183 1048 3234 in
1077 3181 1169 3234 lucem
1197 3181 1299 3238 editus,
1330 3193 1413 3245 quem

193 3263 376 3328 presentibus
392 3265 472 3316 vohis
489 3265 664 3328 transmitt03
684 3266 783 3328 quanti
800 3265 919 3329 periculi
937 3267 975 3317 sit
991 3266 1052 3318 elus
1070 3266 1203 3317 contenta
1219 3268 1248 3316 et
1265 3264 1413 3315 materiam

193 3347 224 3399 in
237 3345 339 3413 vulgus
356 3348 448 3412 prodi,
461 3350 554 3399 vestre
571 3360 691 3399 censure
703 3350 732 3400 et
744 3348 848 3399 iudicio
861 3349 928 3399 duxi
939 3348 1170 3412 relinquendum.
1186 3347 1347 3399 Verendum
1359 3348 1411 3404 est.

195 3429 251 3481 nisi
263 3429 385 3482 cesaree
401 3429 558 3481 Maiestatis
570 3430 746 3486 auctoritate,
761 3431 889 3482 censuris
906 3432 935 3483 et
951 3431 1032 3494 penis
1044 3430 1207 3482 huiusmodi
1218 3430 1368 3495 dampnate
1384 3430 1414 3480 et

194 3512 313 3577 pessimi
333 3513 456 3578 exempli
476 3510 637 3564 libellorum
659 3514 799 3565 editiones
816 3515 845 3565 et
862 3512 912 3564 illa
931 3514 1110 3578 imprimendi
1129 3513 1244 3565 licentia
1261 3516 1290 3564 et
1306 3512 1414 3564 effrene

194 3594 415 3659 bibliopolarum
435 3595 581 3646 libertates
600 3595 795 3653 adhibeantur,
815 3596 937 3660 pessima
955 3610 1065 3660 queque
1083 3597 1175 3646 tractu
1193 3595 1328 3660 temporis
1348 3595 1415 3647 inde

194 3677 341 3729 eventura.

228 3757 362 3818 Quamvis
380 3761 414 3811 de
432 3774 568 3825 prospero
587 3774 718 3812 successu
730 3775 776 3813 res
789 3763 885 3813 nostre
897 3763 996 3812 contra
1013 3761 1109 3813 Gallos
1121 3761 1310 3826 expeditionis
1328 3759 1414 3811 michi

196 3841 325 3905 quotidie
336 3843 489 3893 secundum
501 3857 630 3894 rumores
643 3845 807 3900 afferuntur,
823 3845 952 3898 desidero
966 3846 1059 3896 tamen
1077 3858 1189 3909 quoque
1207 3859 1241 3896 ex
1258 3843 1414 3910 prestantia

195 3925 293 3976 vestra
307 3923 479 3991 intelligere,
500 3940 555 3990 qno
573 3927 602 3976 in
620 3929 695 3977 statu
706 3940 754 3978 res
766 3928 844 3979 curie
862 3928 1019 3992 imperialis
1033 3929 1190 3984 versentur,
1204 3941 1258 3991 quo
1271 3925 1330 3978 illio
1342 3939 1414 3977 nova

197 4006 308 4058 lerator
325 4007 360 4058 de
377 4007 520 4060 horrenda
537 4009 695 4073 irruptione
713 4009 901 4060 infidelissimi
914 4008 1004 4061 hostis
1017 4009 1172 4062 christiane
1185 4009 1251 4061 tidei
1263 4011 1292 4061 et
1304 4009 1339 4060 ds
1351 4007 1414 4059 aliis

197 4088 271 4141 scitu
283 4089 385 4154 dignis,
400 4104 455 4154 que
467 4090 544 4142 licite
557 4090 644 4142 scribi
655 4094 801 4156 possunt..
812 4129 834 4143 ..

229 4171 273 4224 Ex
286 4173 390 4237 oppido
404 4175 500 4224 nostro
513 4174 635 4225 Zoibven
646 4171 686 4240 (l),
701 4175 783 4225 nonis
796 4175 969 4240 Septembris
981 4189 1054 4226 anno
1067 4189 1166 4227 unxxr.

1039 4274 1218 4330 Wnnanuus,

876 4356 929 4407 Dei
942 4357 1037 4422 gratia
1048 4358 1197 4423 episcopus
1209 4355 1383 4422 Argentinus

938 4439 1119 4503 Alsatiaeque
1136 4439 1321 4505 lantgravius.

458 4553 577 4605 Arehiel
593 4566 646 4605 van
663 4552 713 4606 het
729 4553 868 4607 Vatikaan
880 4557 908 4606 te
919 4555 1019 4611 Rome,
1038 4553 1108 4608 Acta
1127 4554 1273 4619 wormat,
1284 4553 1334 4606 iol.
1352 4554 1413 4619 1843

492 4635 645 4705 algedrukt
657 4636 695 4702 bij
708 4635 806 4695 Balan,
821 4638 1010 4695 hortamenta,
1023 4636 1080 4689 hlz.
1089 4636 1211 4690 287-288.
