3224 5400
683 512 937 564 AANHANGSEL
1374 507 1423 561 425

194 676 378 742 theologicis,
392 690 455 727 cum
468 678 497 728 in
509 677 603 741 patria
615 677 763 739 utriusque
776 676 891 742 linguae
903 677 932 727 et
943 676 1146 741 grammaticae
1162 678 1247 739 atqua
1258 675 1420 727 rhetoricae

193 758 315 810 multum
333 759 448 809 omnino
466 760 503 809 sit
520 760 714 817 tribuendum;
732 759 808 809 iutra
825 772 944 821 quarum
961 757 1124 824 linguarum
1142 759 1302 821 artiumque
1314 757 1420 808 limites

194 840 220 890 ai
240 852 305 890 sese
326 841 523 897 continuisset,
545 854 600 890 non
620 841 690 891 adeo
709 839 863 890 infeliciter
881 842 1014 902 tanquam
1034 852 1121 904 parvo
1143 841 1236 889 fructu
1254 852 1316 891 sese
1334 839 1420 890 rebus

195 919 366 986 theologicis
384 923 561 987 ingessisset.
581 922 680 983 Neque
699 922 792 972 tamen
811 923 976 986 negaverim
993 934 1058 972 eum
1076 920 1165 971 multa
1181 922 1329 984 scripsisse
1345 920 1420 971 bona

193 1005 281 1067 atque
293 1002 376 1054 utilia
387 1006 416 1054 et
427 1004 529 1066 quibus
548 1004 667 1053 studiosi
686 1005 772 1054 etiam
791 1002 953 1068 theologiae
968 1017 1023 1053 non
1036 1016 1136 1066 parum
1154 1003 1283 1053 adiuvari
1300 1003 1419 1066 possint,

193 1086 218 1135 si
242 1086 325 1136 caute
348 1086 377 1136 et
401 1099 464 1135 cum
488 1085 592 1136 iudicio
617 1099 651 1135 ea
671 1084 782 1150 legant;
803 1085 853 1136 sed
873 1087 992 1151 propter
1012 1083 1092 1135 valde
1112 1083 1211 1148 multa,
1234 1097 1305 1147 quae
1326 1085 1356 1133 in
1377 1085 1419 1133 eis

191 1167 301 1224 insunt,
322 1166 367 1217 vel
388 1179 510 1217 erronea
529 1166 573 1217 vel
594 1166 761 1217 scandalosa
780 1167 824 1218 vel
845 1167 957 1230 piarum
978 1167 1089 1217 aurium
1107 1167 1252 1223 ostensiva,
1271 1166 1418 1216 crederem

192 1261 248 1314 ego
271 1248 363 1313 magis
391 1250 586 1311 proiecturum
614 1249 703 1299 luisse
732 1249 904 1298 christianae
928 1248 1115 1312 reipublicae,
1139 1248 1162 1297 si
1186 1248 1322 1299 Erasmus
1346 1244 1418 1297 nihil

192 1329 365 1380 omninode
388 1329 473 1379 rebus
497 1329 667 1394 theologicis
690 1331 832 1394 attigisset
856 1329 899 1380 rcl
921 1331 1090 1394 scripsisset.
1117 1329 1206 1379 Immo
1228 1343 1284 1379 non
1306 1328 1419 1385 desunt,

193 1412 244 1474 qui
263 1413 364 1475 putent
383 1412 476 1460 minus
498 1412 657 1461 nociturum
679 1412 777 1467 tuisse,
799 1411 821 1459 si
842 1413 940 1474 aperte
960 1425 1011 1474 pro
1030 1410 1156 1460 Luthero
1178 1411 1313 1473 stetisset,
1335 1423 1419 1472 quam

192 1494 316 1555 utroque
336 1492 409 1557 pede
431 1492 614 1542 claudicando
636 1495 665 1542 et
685 1494 755 1541 duos
776 1493 864 1554 (utin
886 1493 995 1556 adagiis
1016 1493 1077 1542 eius
1095 1493 1149 1556 est)
1167 1491 1293 1553 parietes
1310 1505 1346 1541 ex
1363 1504 1420 1541 una

191 1572 291 1625 tidelia
303 1573 470 1635 dealbanda,
485 1589 558 1624 nune
571 1575 620 1624 uui
632 1588 705 1623 nunc
717 1574 799 1623 alteri
813 1575 888 1637 parti
901 1574 991 1622 videri
1001 1573 1157 1624 adhaerere
1167 1571 1253 1634 velle3
1265 1573 1419 1635 dicuntque

191 1657 326 1707 doctores
349 1657 413 1720 plus
437 1671 540 1707 nocero
564 1672 623 1712 cos,
648 1658 695 1719 qni
726 1661 853 1720 tempore
880 1657 1061 1705 schismatum
1092 1655 1185 1718 (quale
1216 1669 1290 1705 nuuc
1318 1657 1362 1705 est
1389 1656 1417 1705 in

192 1737 324 1789 Ecclesia
348 1739 403 1788 ehu
427 1740 546 1789 nimium
570 1741 682 1802 gravei)
706 1740 855 1800 utriusque
884 1739 993 1800 pariter
1022 1741 1050 1787 et
1080 1737 1207 1787 neutrius
1231 1738 1326 1799 ¹partis
1356 1750 1419 1787 esse

191 1817 302 1877 volunt,
322 1832 404 1880 quam
422 1833 481 1877 eos,
499 1820 546 1881 qui
564 1818 648 1881 plane
667 1833 750 1868 uuam
770 1824 888 1880 partem,
903 1819 989 1868 etiam
1002 1818 1183 1874 deteriorem,
1198 1816 1417 1880 amplectuntur.

226 1899 279 1950 His
291 1901 386 1962 itaque
399 1904 429 1951 et
440 1899 580 1950 similibus
598 1901 756 1950 rationibus
773 1901 894 1956 videtur,
913 1900 989 1961 quod
1007 1899 1098 1949 ssmus
1109 1900 1143 1949 D.
1159 1899 1193 1948 N.
1207 1901 1236 1949 et
1254 1907 1355 1949 revmus
1372 1899 1420 1948 dt¹⁸

190 1995 273 2033 meus
298 1982 570 2047 datariusdebennt
593 1984 703 2032 mature
732 1982 859 2046 cogitare
884 1982 918 2031 de
942 1982 987 2037 iis,
1012 1994 1083 2042 quae
1111 1981 1146 2031 ad
1175 1981 1248 2031 hanc
1271 1981 1418 2031 materiam

189 2065 346 2128 pertinent,
357 2065 520 2128 imponendi
534 2062 652 2120 scilicet,
663 2065 691 2113 in
703 2064 824 2128 gratiam
838 2063 959 2120 Erasini,
970 2062 1077 2113 silentii
1090 2060 1156 2120 illis,
1169 2075 1288 2125 quorum
1302 2061 1420 2112 libertas

189 2146 270 2196 vocis
287 2146 316 2195 in
335 2146 501 2196 damnandis
519 2145 596 2195 illius
614 2145 759 2196 erroribus
777 2144 963 2195 collaudanda
980 2147 1009 2194 et
1026 2145 1176 2195 excitanda
1188 2157 1250 2194 esse
1263 2144 1419 2201 videretur,

191 2239 238 2283 ne,
261 2240 324 2277 cum
346 2229 510 2278 satisfacere
531 2232 560 2278 et
579 2226 692 2290 placere
715 2226 819 2282 volent.
842 2226 948 2276 multos
970 2225 1056 2290 longe
1080 2226 1259 2289 synceriores
1279 2227 1309 2275 et
1328 2225 1420 2289 magis

190 2309 371 2360 necessarios
385 2308 553 2373 languentes
571 2322 604 2359 ac
621 2309 732 2372 tepidos
750 2309 879 2358 reddant.
900 2308 999 2370 Neque
1011 2308 1086 2357 enim
1099 2309 1200 2371 putare
1213 2307 1317 2358 debent
1330 2304 1420 2357 latere

189 2403 278 2455 posse
301 2392 390 2440 totum
412 2391 556 2447 muudum,
578 2391 653 2453 quod
674 2391 726 2440 hac
747 2403 779 2440 re
800 2391 964 2454 ingratiam
985 2389 1097 2439 Erasmi
1118 2391 1218 2438 contra
1237 2388 1329 2437 dictos
1349 2387 1419 2437 duos

189 2470 344 2537 theologos
355 2473 549 2536 providerunt,
563 2485 626 2522 cum
643 2472 815 2522 credendum
835 2472 873 2522 sit
889 2471 970 2520 illum
987 2471 1022 2522 de
1041 2471 1094 2521 hoc
1112 2471 1185 2534 apud
1204 2484 1311 2526 omnes,
1333 2469 1419 2520 ctiam

190 2553 308 2616 scriptis
320 2553 448 2617 publicis.
464 2553 662 2618 gloriaturum,
677 2554 912 2615 quemadmodum
923 2553 1009 2604 breve
1022 2554 1171 2616 quoddam,
1185 2565 1240 2614 quo
1251 2550 1322 2602 smus
1334 2551 1368 2600 D.
1382 2551 1417 2600 N.

189 2634 238 2686 vel
261 2643 341 2686 rent¹⁸
363 2636 390 2683 d.
416 2635 541 2685 deterius
565 2633 605 2685 sis
635 2635 696 2685 eius
725 2636 838 2685 nomine
865 2635 892 2684 ei
918 2633 1061 2699 pollicitus
1087 2635 1175 2685 luerit
1201 2634 1283 2683 dictis
1309 2632 1418 2683 duobus

191 2716 339 2781 theologis
360 2715 505 2767 silentium
525 2717 682 2779 imponere,
704 2730 769 2766 curn
786 2717 870 2766 audio
889 2716 1117 2780 acalcographis
1138 2715 1239 2766 excudi
1258 2728 1290 2764 ac
1308 2713 1417 2778 vulgari

189 2798 306 2849 recisae.
325 2797 402 2856 Quae
421 2798 554 2847 nimirum
572 2798 645 2847 ratio
663 2811 708 2847 me
726 2798 822 2852 movit,
836 2812 872 2848 ne
884 2798 939 2861 ipsi
953 2798 1069 2847 Erasmo
1088 2798 1236 2859 quicquam
1255 2796 1418 2858 scripserim

190 2881 228 2931 de
241 2879 439 2929 commissione
453 2882 483 2928 et
493 2880 625 2929 mandato
643 2879 713 2928 mihi
732 2879 766 2928 ad
784 2881 955 2929 memoratos
973 2878 1043 2928 duos
1056 2878 1204 2942 theologos
1217 2877 1322 2929 assit1⁰
1334 2878 1369 2927 D.
1382 2877 1417 2928 N.

190 2973 245 3012 seu
262 2969 313 3010 rm
332 2961 379 3009 dno
398 2960 507 3010 datario
525 2960 607 3017 datia,
627 2960 701 3021 quod
722 2959 856 3010 videlicet
875 2960 1005 3009 timerem
1024 2973 1087 3009 eum
1106 2959 1219 3022 scriptia
1236 2960 1295 3008 suis
1314 2957 1420 3009 dehoc

191 3041 391 3108 gloriaturum.
415 3040 505 3092 Immo
529 3055 595 3091 vero
619 3042 665 3090 vix
686 3041 788 3102 cuique
811 3043 925 3103 praeter
945 3040 1036 3090 dictos
1060 3040 1129 3089 duos
1152 3039 1301 3105 theologos
1324 3040 1420 3094 dicere

192 3135 281 3174 ausus
292 3135 354 3172 sum
372 3123 406 3173 de
424 3123 622 3172 commissione
635 3135 707 3178 mea,
722 3136 777 3184 quo
795 3135 842 3172 rea
860 3121 997 3172 secretior
1014 3124 1190 3183 remanerem
1210 3120 1419 3184 propterquod

192 3206 224 3256 et
240 3203 306 3254 illos
321 3204 399 3267 ipsos
412 3204 543 3254 distincte
556 3204 702 3266 requisivi,
716 3217 751 3253 ne
764 3216 823 3254 rem
836 3202 1031 3267 publicarent;
1050 3216 1113 3252 nam
1126 3204 1154 3253 et
1165 3203 1219 3252 hoc
1231 3203 1260 3252 in
1278 3201 1418 3252 mandatis

191 3285 290 3343 habui,
309 3286 341 3335 ut
356 3298 416 3337 ram
435 3285 507 3335 hane
525 3288 635 3335 secreto
654 3287 681 3335 et
699 3286 761 3336 sine
779 3284 901 3335 tumultu
913 3285 1147 3349 paucissimisque
1159 3285 1279 3334 consciis
1292 3296 1417 3349 agerem.

192 3367 276 3426 Quod
300 3379 387 3429 quum
410 3367 492 3416 video
515 3381 606 3416 meam
630 3368 658 3416 in
682 3366 736 3416 hoc
764 3367 931 3416 industriam
960 3380 1060 3430 parum
1085 3367 1250 3430 proiecisse,
1278 3366 1417 3429 siquidem

193 3448 293 3513 accepi
305 3449 338 3499 Ι).
352 3447 502 3499 Albertum
515 3448 658 3512 Pighium,
672 3461 769 3499 mense
782 3448 889 3511 (oredo)
900 3446 988 3504 Julio,
1003 3448 1039 3498 de
1051 3448 1103 3498 hac
1115 3448 1214 3499 eadem
1226 3462 1258 3499 re
1270 3449 1418 3512 scripsisse

193 3530 224 3581 et
242 3530 277 3580 ad
294 3530 434 3579 rectorem
447 3532 477 3579 et
488 3530 523 3578 ad
536 3529 711 3581 Facultatem
724 3529 913 3594 theologicam
926 3531 1018 3580 dictae
1030 3530 1199 3580 Academiae
1211 3544 1261 3581 seu
1276 3530 1418 3581 Universi·

194 3611 262 3662 tatis
282 3610 477 3667 Lovauiensis,
499 3611 618 3661 dicendo
640 3611 721 3661 smum
743 3612 777 3661 D.
802 3612 837 3662 N.
861 3623 996 3674 expresse
1016 3612 1124 3670 iubere,
1146 3613 1177 3661 ut
1193 3612 1275 3661 dictis
1295 3611 1419 3676 Egmou·

194 3693 270 3744 dano
288 3705 321 3742 ac
338 3692 487 3742 Vincentio
506 3691 651 3743 silentium
669 3694 712 3756 (ut
728 3693 901 3757 praefertur)
921 3693 1111 3756 imponerent.
1133 3692 1259 3754 alioquin
1280 3693 1419 3753 futurum,

194 3777 235 3829 ut,
256 3787 312 3824 uon
330 3774 391 3824 sine
409 3775 488 3838 gravi
506 3775 595 3837 ipsius
613 3775 782 3825 Academiae
800 3775 939 3825 dedecore
957 3776 987 3824 et
1003 3773 1191 3830 incommodo,
1205 3774 1262 3824 Sua
1280 3774 1419 3825 Sanctitas

193 3855 263 3907 illos
282 3857 375 3906 mutos
395 3855 554 3906 redderet:
577 3856 681 3906 utiam
700 3869 782 3906 nemo
801 3857 861 3907 lere
880 3857 909 3906 iu
927 3855 973 3905 his
990 3856 1118 3919 partibus
1136 3856 1182 3915 sit,
1201 3855 1326 3917 quirem
1344 3854 1419 3906 hane

195 3951 253 3988 uou
274 3936 319 3987 vel
340 3938 411 3986 sciat
431 3936 474 3987 vel
495 3936 631 3988 facillime
651 3939 689 3988 sit
707 3938 839 3999 sciturus.
862 3937 944 3988 Unde
965 3935 1077 4000 qualem
1095 3936 1270 4000 triumphum
1287 3938 1418 4001 putamus

193 4019 346 4070 Erasmum
370 4021 508 4076 acturum,
538 4019 617 4081 quasi
647 4021 705 4082 qui,
735 4018 779 4070 vel
808 4017 883 4069 aedis
907 4017 1080 4082 apostolicae
1103 4018 1208 4068 iudicio
1231 4032 1418 4081 accensura,

192 4101 344 4151 victoriam
356 4100 490 4151 adversus
508 4113 568 4161 eos,
586 4101 633 4164 qui
651 4113 681 4151 se
699 4102 801 4151 merito
820 4101 848 4150 in
866 4100 963 4151 multis
981 4099 1237 4164 reprehendebant,
1250 4102 1418 4152 consecutus

193 4183 247 4245 sit3
268 4183 335 4232 dum
354 4181 420 4231 illos
442 4182 638 4233 obmutescere
659 4182 775 4240 debere,
796 4196 826 4233 se
846 4195 913 4233 vero
934 4183 964 4232 iu
984 4182 1099 4245 scriptis
1118 4182 1176 4231 suis
1197 4180 1286 4234 libere
1308 4183 1337 4234 et
1356 4183 1418 4234 sine

192 4263 421 4315 contradictione
441 4265 494 4312 toti
517 4265 623 4314 mundo
645 4263 723 4327 loqui
744 4277 828 4328 posse
848 4264 1021 4314 obtinueriti
1042 4262 1159 4322 Qualem
1181 4276 1248 4314 vero
1269 4277 1285 4315 e
1306 4265 1418 4316 diverso

192 4344 324 4397 dolorem
336 4346 366 4395 ct
377 4345 515 4409 gemitum
530 4345 726 4396 existimamus
744 4346 810 4396 iude
827 4358 925 4410 passos
942 4345 1032 4395 luisse
1050 4359 1082 4395 ac
1099 4345 1206 4410 iugiter
1223 4346 1281 4408 pati
1299 4359 1358 4408 eos,
1371 4345 1420 4409 qui

193 4426 301 4477 norunt
320 4427 350 4477 et
372 4426 469 4476 vident
487 4440 571 4488 quam
589 4425 644 4476 hoc
661 4426 836 4490 reipublicae
853 4427 890 4477 sit
907 4427 1089 4478 damnosumi
1106 4429 1136 4478 et
1152 4439 1236 4489 quam
1253 4425 1336 4478 multi
1353 4427 1419 4478 hinc

193 4509 253 4559 siut
263 4507 417 4566 animandi,
433 4511 464 4558 ut
475 4512 539 4572 post
551 4507 725 4573 apostolicae
737 4508 812 4560 sedis
824 4508 1031 4572 praeiudicium
1043 4508 1154 4559 Erasmi
1166 4509 1273 4573 scripte
1283 4507 1419 4564 libentius
