3224 5400
592 113 696 168 intio
714 111 779 165 inan
1259 116 1295 170 48

70 280 245 346 procurstor
271 280 334 334 fisci
358 279 529 333 sanctissimi
552 278 660 332 domini
680 278 772 332 nostri
793 291 866 346 pape
890 290 982 344 eoque
1009 278 1234 346 nominecgens,
1247 280 1297 344 qui

70 361 239 428 hujusmodi
254 363 451 429 procuratorio
471 362 586 415 nomine
607 361 686 415 dedit
704 364 734 415 et
745 360 874 415 exhibuit
887 360 1039 415 nounmios
1050 360 1186 415 articulos
1199 364 1300 416 conns

70 445 221 498 dominum
230 444 380 499 Nicolaum
389 445 484 506 cristi,
495 445 625 498 curatum
633 443 799 512 begbinsgii
815 444 894 511 opidi
905 444 1060 512 Bergensis
1071 456 1159 510 supre
1169 445 1298 507 zomsm,

71 527 182 580 ibidem
192 529 366 594 presentem,
377 540 487 593 ponens
499 528 529 581 et
539 526 694 580 mticuhns
707 540 740 579 ac
750 528 861 592 petens,
873 528 961 592 prout
972 526 1002 578 in
1013 525 1114 593 papiro
1126 527 1186 580 sive
1197 527 1300 579 codicia

72 610 239 675 huiusmodi
248 609 433 663 articulorum
444 610 517 662 dixit
528 610 683 674 contineri3
694 609 823 675 prointus
834 621 903 662 vero
915 609 1045 661 dominus
1055 607 1200 673 Nicotaus,
1212 623 1296 674 appo·

72 693 129 744 sita
136 706 225 745 manu
241 693 422 746 suadenters
438 693 557 759 pectori,
570 690 746 744 sacerdotale
765 690 891 757 prestitit
907 689 1092 756 solempniter
1106 691 1300 756 iuramentum

72 774 248 840 columpnis,
257 776 325 827 tunc
334 774 472 841 colligens
484 774 674 840 respondendi
692 773 776 825 dictis
793 772 922 825 articulis
934 772 1027 825 medio
1036 773 1066 824 et
1075 772 1127 825 sub
1141 773 1300 838 dictoinra·

72 860 172 910 mento
192 858 228 909 sd
253 858 329 912 diem
350 859 505 910 crastinum
525 858 554 910 et
568 858 667 909 boram
684 857 815 921 quartam
830 856 896 922 post
918 855 1067 909 meridiem
1088 856 1139 907 aut
1164 868 1198 908 eo
1210 855 1296 908 circa

73 940 169 1006 Super
178 940 282 1005 quibus
293 942 348 993 etc.
361 941 464 993 Actum
479 941 510 992 in
526 940 654 1005 pretaoto
672 939 756 1004 opido
773 939 804 991 in
816 939 899 990 domo
912 939 948 990 ad
964 938 1154 1004 intersignum
1164 937 1295 997 ialconis,

70 1021 254 1088 presentibus
263 1023 370 1076 ibidem
381 1024 496 1075 domino
508 1025 537 1075 et
547 1022 685 1089 magistro
696 1020 825 1074 Waltero
844 1020 879 1074 de
896 1021 1035 1087 Hertoge,
1048 1020 1121 1086 iuris
1138 1019 1294 1080 licentiato.

70 1109 103 1158 et
112 1105 254 1173 magistro
265 1104 405 1159 iiicbaele
418 1104 596 1170 Borckhout,
605 1103 710 1158 clerico
725 1104 891 1158 leodiensis
905 1103 1045 1170 dyocesis,
1058 1102 1188 1156 testibus.

106 1269 229 1329 Deinde,
242 1268 288 1322 die
297 1269 418 1334 septima
438 1269 506 1320 dicti
517 1269 623 1321 mensis
635 1269 709 1334 May,
728 1268 801 1320 bore
819 1267 920 1331 quarta
943 1266 1008 1331 post
1028 1266 1187 1327 meridiem,
1200 1279 1297 1318 coram

72 1351 160 1403 nobis
174 1352 280 1404 deceno
297 1352 465 1416 inquisitore
483 1352 604 1416 pretato,
617 1350 647 1403 in
667 1351 813 1415 presentis
834 1349 936 1415 notarii
949 1348 1115 1414 supratacti,
1127 1349 1157 1400 in
1168 1351 1297 1413 pretncta

72 1433 171 1494 domo,
184 1433 443 1497 comparuitdictus
455 1432 585 1484 Nicolaus
602 1445 669 1485 reus
685 1432 847 1496 inquisitus,
873 1431 922 1495 qui
939 1430 1089 1495 quamdam
1109 1430 1201 1496 papiri
1216 1431 1297 1482 cedu-

71 1513 133 1567 lam
145 1517 225 1567 certa
235 1515 467 1582 interrogatoria,
488 1528 543 1579 que
557 1514 675 1567 testibus
692 1515 792 1566 contra
808 1526 873 1565 eum
892 1512 1081 1578 producendis
1092 1513 1156 1564 tieri
1168 1513 1198 1566 et
1213 1513 1295 1578 juxta

72 1611 132 1662 que
144 1610 194 1650 eos
204 1597 379 1663 interrogari
389 1597 481 1663 petiit,
492 1610 602 1649 necnon
613 1598 704 1648 certus
716 1596 941 1662 protestnciones
950 1596 980 1647 in
992 1607 1023 1647 se
1034 1595 1077 1658 (ut
1088 1594 1222 1660 asseruit)
1231 1609 1296 1647 con·

73 1679 217 1732 timentem
228 1678 367 1740 exhibuit,
381 1685 480 1745 petens
492 1680 521 1731 et
532 1679 703 1745 protestans,
714 1679 801 1744 prout
811 1679 841 1730 in
853 1678 954 1731 eadem
964 1677 1037 1729 dixit
1047 1677 1198 1741 contineri,
1210 1691 1296 1744 super

72 1758 204 1813 srucuiis
212 1761 313 1812 contre
322 1773 388 1813 eum
399 1760 551 1825 exhibitis3
564 1761 657 1813 medio
668 1761 829 1826 iuramento
851 1759 1011 1827 calumpnie
1018 1773 1072 1826 per
1084 1774 1150 1814 eum
1158 1759 1293 1814 hesterno

72 1843 122 1895 die
133 1843 255 1908 prestito
267 1843 416 1908 respondit
426 1844 511 1909 prout
519 1843 666 1908 sequitur:

106 1924 147 1978 Bt
167 1925 261 1991 primo
280 1925 316 1976 ad
335 1926 458 1991 primum
481 1926 631 1979 articulum
654 1925 836 1992 incipientem
863 1923 982 1980 Primos
1007 1932 1047 1980 ssi
1067 1940 1124 1996 pro
1144 1925 1297 1994 moda

71 2005 268 2060 iurisdictione
277 2015 370 2061 osseo
380 2009 446 2074 etc,
458 2010 620 2076 respondet,
633 2010 710 2074 quod
721 2009 885 2075 hujusmodi
897 2008 1051 2062 articulum
1062 2009 1163 2063 credit.

106 2089 155 2142 Ad
169 2090 325 2142 secundum
337 2091 488 2146 articuium
498 2092 683 2158 incipientem
699 2089 844 2145 demimus
861 2098 909 2159 ssi,
927 2091 1003 2161 qssod
1014 2093 1143 2162 prescius
1153 2091 1295 2148 lebannes

72 2173 143 2238 etc,
153 2174 317 2239 respondet,
327 2175 404 2239 quod
414 2174 576 2241 hujusmodi
585 2173 737 2227 articulum
748 2174 841 2227 credit
849 2176 914 2228 iore
924 2188 1034 2228 rernm.

104 2253 153 2306 Ad
161 2255 282 2308 tercium
293 2255 444 2310 articulum
455 2257 639 2322 incipientem
656 2256 776 2311 Utetur
787 2254 967 2318 declarando,
978 2255 1053 2326 quod
1062 2258 1121 2325 ipos
1131 2272 1195 2311 rsus
1207 2258 1294 2326 fae-ii

72 2337 231 2406 insumatur
242 2339 307 2397 etc..
317 2338 471 2405 respondet
478 2339 606 2404 prointus
617 2352 685 2392 rens
694 2352 724 2391 se
737 2338 864 2397 credere.
876 2340 960 2404 quod,
973 2341 1041 2391 dum
1057 2340 1194 2408 magister
1208 2341 1294 2394 Fran·

72 2421 168 2472 ciscns
186 2432 242 2472 van
258 2420 312 2472 der
329 2420 422 2486 Huist,
442 2421 472 2472 in
495 2420 615 2473 articulo
636 2423 806 2480 nominatus,
824 2421 880 2472 init
901 2421 932 2473 in
944 2422 1028 2488 opido
1050 2422 1191 2489 Bergeusi
1211 2437 1298 2490 supra

71 2502 190 2555 Zomam
198 2502 314 2555 rediens
330 2516 367 2556 ex
379 2502 540 2562 Hoilsndia,
563 2504 649 2569 prout
671 2503 849 2565 articulatur,
872 2504 950 2557 idem
971 2505 1109 2572 magister
1129 2505 1297 2559 Franmscus

72 2585 152 2650 oepit
167 2583 321 2651 aliqualem
331 2586 562 2639 intormationem
572 2586 674 2639 contra
683 2599 765 2638 rcum
776 2597 862 2651 super
873 2587 957 2647 tama,
976 2601 1030 2652 que
1047 2589 1115 2639 tunc
1127 2600 1213 2654 snper
1231 2590 1297 2641 arii·

72 2666 177 2719 culatis
185 2666 300 2721 volabat
309 2669 410 2720 contra
417 2681 507 2729 reum,
521 2681 576 2733 que
588 2670 682 2721 umen
693 2668 834 2735 processit
846 2668 899 2736 (uti
918 2668 996 2737 dicii)
1010 2671 1039 2721 et
1050 2671 1145 2721 ortum
1153 2668 1251 2723 habuit
1261 2671 1296 2724 ab

73 2750 204 2815 ejusdem
220 2750 264 2803 rei
281 2749 392 2813 emulis,
405 2751 479 2803 inter
491 2764 561 2816 quos
572 2751 719 2816 subjunxit
736 2764 822 2803 unum
845 2751 935 2804 inisse
946 2752 1112 2818 magistrum
1125 2752 1294 2806 Michaeiem

74 2832 353 2898 Brnnt‚oanonicum
376 2833 564 2900 Bergeusem3
582 2834 707 2898 dicitque
715 2833 811 2895 etiam,
829 2834 905 2898 quod
916 2834 1043 2899 preiatns
1059 2834 1197 2901 magister
1208 2835 1295 2888 Fran

73 2915 168 2967 cneus
182 2915 311 2979 tempore
322 2914 472 2967 articulato
491 2916 521 2968 in
540 2916 643 2983 Bergis
660 2928 744 2982 suprs
760 2917 874 2968 zomam
892 2915 970 2968 venit
985 2929 1069 2970 mane
1087 2917 1117 2969 et
1132 2916 1234 2970 eodem
1250 2918 1297 2971 die

73 3010 141 3050 sero
161 2997 280 3050 recessit
295 2996 406 3062 iuitque
422 2997 473 3049 ilio
497 2999 543 3052 die
564 3011 631 3051 reus
656 2999 771 3051 vocatus
794 2999 825 3051 in
847 2999 967 3065 prandio
987 3012 1039 3066 per
1055 2998 1232 3052 Anthonium
1240 3013 1295 3053 ran

72 3077 196 3140 (ibendt,
209 3080 462 3147 burgimagistrum
470 3081 506 3134 de
526 3081 639 3149 Bergis,
653 3082 728 3147 apud
739 3095 824 3148 quem
835 3083 865 3135 in
876 3083 997 3148 prandio
1007 3083 1071 3135 tuit.
1085 3080 1295 3142 Gredittamen,

72 3161 152 3226 qnod
163 3161 271 3214 mutim
293 3163 323 3215 in
342 3163 463 3230 prandio
483 3165 513 3217 et
530 3164 597 3230 post
611 3164 764 3230 prandium
787 3164 895 3218 ibidem
906 3165 1019 3226 mansit,
1033 3178 1070 3218 ne
1081 3164 1137 3231 ipsi
1148 3178 1199 3218 reo
1217 3165 1302 3218 tieret

72 3242 172 3308 aliqua
179 3245 308 3297 contusio
319 3246 509 3312 etvioiencia;
520 3259 573 3300 nec
584 3246 668 3300 aliter
679 3247 771 3301 credit
781 3248 945 3313 hujusmodi
956 3247 1108 3300 articulum
1114 3249 1179 3301 iore
1188 3260 1298 3302 verum.

106 3326 153 3379 Ad
169 3327 301 3392 quartum
320 3328 471 3381 srticulum
491 3329 676 3396 incipientem
691 3328 762 3382 Item
779 3329 853 3398 quod
871 3345 937 3384 reus
953 3331 1013 3397 lpse
1024 3343 1079 3396 per
1094 3338 1198 3383 mium
1215 3345 1299 3385 suum

72 3411 202 3462 ominum
217 3408 340 3476 locanti·
349 3410 517 3465 residentem
534 3413 600 3471 etc„
618 3412 784 3477 respondet,
803 3413 878 3478 quod
896 3411 1058 3477 hujusmodi
1075 3412 1227 3466 articulum
1243 3427 1301 3466 nou

74 3492 171 3546 credit
181 3492 244 3546 iore
257 3506 365 3546 verum.
522 3487 531 3541 t

107 3574 153 3628 Ad
161 3574 292 3640 quintum
304 3574 457 3628 articulum
466 3575 652 3641 incipientem
662 3574 734 3629 item
742 3573 817 3644 quod
828 3574 877 3629 bec
888 3578 967 3647 famo
976 3579 1043 3637 eto,
1051 3577 1215 3642 respondet,
1224 3576 1299 3642 qnod

74 3657 213 3710 contenta
219 3655 383 3723 huiusmodi
392 3657 506 3712 articuli
515 3659 571 3712 sibi
581 3660 648 3711 sunt
658 3658 735 3712 ultra
742 3660 883 3726 premissa
893 3658 988 3713 alieno
999 3661 1028 3713 et
1040 3659 1081 3712 sic
1093 3660 1214 3713 eundem
1225 3658 1300 3712 ultra

73 3739 291 3806 preconiessata
299 3754 356 3792 non
368 3740 468 3794 credit.

106 3820 154 3873 Ad
173 3821 286 3874 sextum
308 3821 460 3874 articulum
482 3821 669 3888 incipientem
688 3821 758 3875 lien
778 3822 853 3892 quod
872 3825 931 3892 ipsc
946 3837 1011 3877 rein
1029 3822 1127 3878 babuit
1145 3822 1264 3878 multam
1275 3829 1301 3877 et

73 3917 213 3972 moyerem
224 3906 461 3957 macerationem
472 3906 538 3964 eto,
550 3905 705 3970 respondet
716 3919 746 3958 se
758 3920 815 3957 non
828 3907 940 3958 novisse
952 3908 1001 3959 aut
1014 3907 1105 3959 adhuc
1116 3920 1235 3960 noscere
1251 3906 1301 3959 aii·

74 3999 163 4051 quem
173 3985 382 4052 Lutheranum3
396 4000 483 4052 quare
499 3988 663 4054 respondet,
683 3990 759 4053 quod
776 3988 939 4054 hujusmodi
952 3989 1104 4042 articulum
1121 4003 1177 4041 non
1198 3989 1299 4041 credit.

75 4069 176 4122 credit
196 4069 291 4121 nmen
309 4082 340 4122 se
358 4068 508 4134 aliquando
524 4085 701 4124 communem
719 4072 924 4125 conterentiam
943 4072 1076 4125 habuisse
1097 4086 1162 4125 cum
1182 4070 1300 4125 Nicolao

74 4152 289 4217 Antwerpiensi
306 4151 456 4205 articulato
473 4156 504 4206 et
514 4153 578 4214 boc,
592 4143 743 4220 onteqiam
753 4168 804 4221 per
817 4155 923 4208 dictum
940 4155 1138 4221 inquisitorem
1154 4157 1300 4211 conscios

76 4235 146 4294 init,
157 4236 210 4288 sed
221 4237 322 4301 expost
330 4248 482 4300 nunquam.
