3188 5394
591 457 695 512 ANNO
714 458 778 510 1⁵26
1251 468 1295 521 101

65 620 267 685 giversatione
286 621 384 681 celari,
405 636 458 674 nos
477 622 579 689 igitur,
595 623 745 688 cupientes
764 625 851 678 tantis
869 628 1010 681 scandalis
1030 628 1145 682 obviare
1167 632 1196 683 et
1211 633 1297 687 saluti

65 704 176 755 nedum
188 702 358 756 clericorum
370 705 540 769 hujusmodi,
558 706 608 757 sed
620 708 650 757 et
661 707 839 760 subditorum
856 710 956 762 missas
975 711 1073 763 talium
1086 713 1250 766 audientum
1267 719 1297 768 et

65 788 249 838 sacramenta
260 786 454 839 ecclesiastica
465 788 500 839 de
511 789 642 839 manibus
651 788 766 840 illorum
776 793 947 844 sumentium
957 793 1040 844 saluti
1049 797 1126 847 recte
1136 797 1295 858 consulere.

64 867 302 933 prelatorumque
320 870 482 921 nostrorum
500 883 550 922 seu
568 871 663 935 potius
682 871 845 924 officialium
864 875 1071 927 antedictorum
1089 877 1249 931 evidentem
1266 880 1297 932 et

64 951 293 1004 inexcusabilem
313 951 519 1018 negligentiam
537 954 622 1004 immo
641 955 737 1019 potius
755 956 960 1020 dampnabilem
980 959 1098 1011 abusum
1116 961 1249 1025 supplere
1266 963 1296 1014 et

66 1034 166 1085 debita
190 1035 435 1087 animadversione
463 1037 621 1102 corrigere,
642 1037 732 1095 vobis,
757 1037 943 1090 conciliorum
967 1041 1081 1092 decanis
1106 1044 1135 1093 et
1157 1043 1297 1095 universis

66 1116 239 1168 officialibus
261 1118 366 1168 nostris
387 1131 420 1168 ac
437 1116 500 1168 aliis
522 1118 645 1183 desuper
662 1119 841 1183 requirentes
859 1123 1061 1174 committimus
1073 1125 1103 1175 et
1119 1124 1170 1175 sub
1184 1139 1296 1177 excom·

65 1201 269 1252 manicationls
291 1213 365 1265 pena
390 1200 518 1251 districte
546 1201 738 1265 precipientes
763 1202 940 1265 mandamus,
970 1207 1109 1267 quatenus
1138 1220 1235 1258 omnes
1264 1208 1295 1259 et

63 1283 198 1349 singulos
215 1284 399 1349 presbyteros
419 1284 546 1334 notorios
566 1284 784 1335 concubinarios
804 1284 990 1336 conciliorum
1011 1289 1171 1340 vestrorum
1190 1286 1295 1341 tamin

63 1366 200 1432 generali
211 1380 296 1431 quam
312 1367 343 1416 in
354 1365 449 1430 specie
469 1379 505 1416 ex
522 1365 708 1429 dispositione
719 1367 792 1431 juris
805 1381 821 1417 a
833 1368 936 1418 divinis
953 1383 1106 1433 suspensos
1124 1372 1295 1425 auctoritate

62 1450 166 1500 nostra
188 1449 329 1500 moneatis
346 1450 376 1500 et
394 1448 557 1511 requiratis,
579 1449 718 1511 quatenus
739 1449 835 1500 statim
856 1452 886 1501 et
898 1450 1017 1502 indilate
1040 1466 1105 1504 suas
1125 1454 1247 1506 locarias
1264 1454 1295 1506 et

62 1531 240 1582 concubinas
252 1530 401 1581 licentient
413 1530 442 1580 et
455 1528 691 1580 acobabitatioue
709 1530 793 1593 atque
811 1531 955 1582 consortio
973 1546 1023 1582 suo
1042 1534 1136 1585 animo
1155 1549 1211 1585 nou
1223 1535 1294 1586 reci·

61 1613 194 1665 ditantes
215 1612 362 1665 secludant
381 1625 474 1677 neque
494 1613 620 1670 interim,
644 1625 791 1677 quousque
811 1613 975 1665 adheserint
997 1617 1026 1666 et
1049 1616 1164 1667 monitis
1188 1616 1293 1668 nostris

61 1709 120 1746 nou
138 1697 299 1760 paruerint.
322 1695 424 1746 divinis
442 1708 473 1745 se
485 1694 675 1758 immisceant;
688 1694 814 1758 alioquin
833 1708 882 1746 eos
895 1698 1034 1747 eteorum
1052 1697 1208 1761 quemlibet
1225 1699 1294 1750 tam-

60 1791 150 1840 quam
169 1780 261 1843 ajuro
273 1777 467 1842 suspensionis
479 1776 648 1828 auetoritate
661 1779 758 1828 nostra
770 1790 922 1841 suspensos
941 1777 1100 1834 declaretis.
1115 1780 1293 1832 denuncietis

59 1873 95 1910 ac
121 1862 255 1918 teneatis,
279 1861 370 1912 donec
392 1862 422 1911 et
444 1872 590 1923 quousque
614 1858 800 1910 absolutionis
827 1860 996 1911 beneficium
1022 1874 1038 1911 a
1061 1862 1142 1912 nobis
1170 1863 1293 1927 desuper

60 1944 226 1995 meruerint
249 1943 396 2000 obtinere;
421 1942 451 1994 et
468 1941 587 1994 ulterius
611 1943 749 2004 quatenus
767 1943 791 1991 si
812 1943 942 2006 suspensi
963 1944 992 1994 et
1010 1945 1041 1993 ut
1061 1942 1132 1995 tales
1156 1944 1293 1996 declarati

57 2026 263 2078 insorduerint
283 2040 334 2077 seu
345 2024 460 2090 publice
474 2025 612 2076 adherere
624 2026 654 2076 et
664 2024 830 2076 cohabitare
843 2027 927 2088 atque
945 2027 974 2077 iu
993 2028 1178 2092 suspensione
1195 2027 1293 2094 hujus·

58 2109 150 2160 modo
176 2110 271 2160 divina
293 2107 439 2160 celebrare
459 2108 693 2172 presumpserint,
718 2121 777 2170 eos,
799 2121 868 2171 quos
894 2121 947 2172 per
969 2109 1037 2160 tacti
1066 2110 1237 2161 evidentiam
1260 2111 1289 2163 et

57 2192 238 2244 notorietate
249 2191 410 2242 indubitata
420 2204 486 2242 reos
498 2191 582 2252 atque
593 2189 722 2240 conscios
732 2190 878 2252 noveritis,
889 2191 923 2240 ad
935 2192 1042 2242 certam
1052 2191 1128 2242 diem
1138 2192 1290 2255 juridicam

58 2287 162 2324 coram
175 2273 290 2324 officiali
302 2275 400 2324 nostro
412 2274 512 2323 contra
524 2271 646 2335 aliquem
667 2272 745 2323 curie
764 2273 860 2323 nostre
878 2271 1032 2337 spiritualis
1045 2276 1237 2338 promotorem
1256 2276 1292 2326 ad

56 2355 219 2408 videndum
231 2357 331 2407 contra
339 2355 417 2420 ipsos
426 2358 457 2405 ut
469 2354 643 2419 irregulares
652 2355 807 2418 procedere
817 2357 846 2406 et
856 2354 927 2406 tales
937 2354 1082 2408 declarare
1091 2356 1195 2421 citetis,
1205 2357 1292 2421 prout

57 2452 114 2489 nos
126 2439 244 2490 eosdem
257 2440 356 2490 tenore
368 2438 543 2502 presentium
564 2450 721 2495 monemus,
740 2438 924 2500 requirimus.
943 2437 1119 2489 declaramus
1137 2441 1166 2490 et
1183 2438 1290 2491 denun-

56 2521 171 2572 ciamus
196 2522 279 2585 atque
302 2521 422 2571 citamus
446 2521 604 2584 respective
633 2520 799 2570 mandantes
823 2518 1007 2571 nihilomiuus
1035 2521 1146 2585 prelato
1175 2520 1291 2573 officiali

57 2606 174 2666 nostro,
189 2604 328 2666 quatenus
341 2603 398 2653 tam
410 2603 509 2653 contra
522 2601 589 2652 dicti
602 2601 714 2652 officiati
731 2601 761 2652 et
772 2601 863 2664 turpis
876 2602 992 2663 questus
1005 2602 1135 2652 auctores
1147 2602 1288 2654 rationem

55 2687 117 2737 tam
140 2685 315 2738 evidentium
332 2685 470 2737 abusuum
487 2683 650 2748 huiusmodi
669 2683 795 2746 inquirat
807 2685 836 2734 et
853 2685 910 2734 tam
933 2683 1010 2747 ipsos
1028 2696 1112 2748 quam
1129 2683 1163 2735 ab
1182 2685 1224 2735 eis
1236 2684 1290 2735 dis·

54 2771 196 2833 pensatos
219 2769 248 2820 et
271 2768 445 2819 tributorum
467 2766 629 2819 sacerdotes
653 2766 808 2817 secuudum
834 2765 984 2816 canonicas
1007 2765 1168 2818 sanctiones
1193 2766 1288 2819 debite

55 2851 215 2903 coherceat
225 2852 255 2902 et
266 2851 403 2915 corrigat.

91 2933 127 2985 In
146 2947 267 2998 quorum
285 2933 411 2984 omnium
431 2934 461 2984 et
478 2930 656 2997 singulorum
673 2931 877 2996 premissorum
895 2929 989 2990 iidem,
1007 2930 1096 2981 robur
1116 2929 1145 2983 et
1164 2931 1290 2982 testimo·

56 3016 140 3067 nium
152 3014 281 3081 sigillum
294 3018 423 3067 nostrum
435 3016 471 3066 ad
482 3029 581 3067 causas
593 3014 773 3079 presentibus
785 3012 889 3065 litteris
906 3026 991 3063 manu
1004 3015 1102 3064 nostra
1114 3013 1289 3079 subsignatis

57 3099 196 3149 duximus
209 3098 439 3162 imprimeudum.
1141 3090 1153 3171 i

90 3182 177 3232 Anno
196 3194 213 3231 a
230 3181 354 3232 nativate
372 3180 487 3232 Domini
503 3177 654 3231 millesimo
675 3178 902 3244 quingentesimo
920 3178 1054 3229 vicesimo
1072 3178 1163 3235 sexto,
1181 3177 1288 3230 mensis

54 3263 73 3315 J
76 3263 192 3315 aunarii
203 3262 250 3315 die
263 3263 373 3316 decima
385 3263 494 3326 quinta.
506 3261 551 3314 Sic
564 3262 750 3329 moseipsum
763 3275 769 3311 :
783 3261 918 3312 Erardns.

90 3348 135 3398 De
155 3348 290 3399 mandato
311 3347 446 3399 antedicti
469 3346 576 3397 domini
599 3345 655 3398 mei
680 3344 901 3397 reverendissim
924 3342 1077 3395 cardinalis
1100 3344 1129 3395 et
1148 3344 1286 3409 episcopi,
1386 3344 1390 3348 ’

55 3429 205 3481 Robertus
218 3430 254 3482 de
269 3429 388 3491 Palude,
401 3441 454 3494 per
465 3429 586 3492 copiam.

324 3542 519 3609 Rijltsarchiet
530 3544 558 3595 te
576 3541 703 3601 Brussel,
721 3540 854 3594 Arcbieea
865 3539 899 3593 de
912 3538 1037 3608 cascayo
1047 3539 1082 3594 de
1093 3537 1285 3594 swdmrudo

357 3631 375 3677 d
390 3624 527 3686 Leucada,
540 3626 644 3678 Oartou
657 3624 699 3684 13,
712 3624 779 3676 stulr
791 3632 820 3675 n*
830 3624 856 3675 7.

623 3847 715 3914 488.

109 4048 219 4122 1526,
235 4041 400 4111 Janunri
415 4049 472 4122 18,
489 4041 683 4110 Mechelen.
704 4041 800 4108 Bevel
827 4060 890 4108 van
908 4038 1021 4106 heizer
1036 4039 1138 4105 Karel
1154 4039 1284 4125 gericht

54 4154 109 4218 tot
124 4151 235 4236 zijnen
265 4155 394 4216 eersten
420 4149 653 4216 deurwaarder
680 4149 871 4235 aangaande
891 4150 947 4215 het
977 4148 1100 4234 gesobil
1125 4147 1282 4214 tusscben

54 4255 119 4320 den
145 4253 342 4339 Magistraat
360 4273 421 4319 van
446 4253 653 4319 Amsterdam
670 4274 710 4319 en
728 4254 788 4319 den
815 4250 1049 4335 heurbisschop
1067 4271 1129 4316 van
1144 4249 1284 4316 Utrecht

54 4376 184 4443 nopeus
200 4357 239 4423 de
251 4356 401 4443 gebeime
414 4357 629 4444 huwelijhen.
647 4394 691 4406 -
704 4358 748 4422 De
762 4351 1108 4441 procureur-generaul
1126 4374 1188 4417 van
1203 4351 1282 4418 Hol-

53 4459 136 4528 laud
152 4458 246 4528 heeft
267 4458 328 4527 deu
353 4460 473 4527 Kaizer
488 4460 629 4546 gemeld,
653 4458 710 4527 dat
725 4458 765 4526 do
781 4459 976 4546 Magistraat
992 4476 1055 4523 van
1073 4453 1280 4523 Amsterdam
