3224 5400
347 496 396 547 1³6
866 494 969 547 ANNO
987 492 1052 544 1526

347 660 491 711 diffamate
520 673 569 710 seu
596 661 727 723 suspecte
752 661 883 724 reputate
906 659 1023 716 tuerint,
1051 657 1245 710 asserentibus
1273 655 1415 722 predictis
1445 668 1569 707 reveren·

346 743 463 793 dissime
484 742 598 792 domino
623 742 796 793 Toruacensi
821 755 874 806 per
896 756 963 793 snos
986 740 1107 791 vicarios
1130 738 1266 790 officiales
1291 739 1321 791 et
1348 737 1569 802 promothorem,

346 824 509 890 hujusmodi
538 824 741 888 coguitionem,
770 825 993 886 inquisitionem,
1022 822 1201 887 punitionem
1226 823 1255 872 et
1277 819 1494 872 correctionem
1516 833 1570 870 cum

346 905 515 968 inquisitore
533 905 601 955 fldei
618 906 718 956 contra
735 905 803 956 dicti
820 904 937 969 capituli
955 905 1102 969 supposita
1119 904 1154 954 ad
1171 917 1202 955 se
1220 904 1353 966 spectare
1371 903 1403 953 et
1419 901 1570 966 pertinere,

346 990 376 1038 et
398 986 522 1050 capitulo
541 988 666 1037 antefato
684 1001 736 1050 per
754 990 847 1037 certos
866 1001 931 1037 snos
948 987 1098 1050 deputatos
1115 986 1198 1036 adse
1216 984 1303 1040 solos,
1321 981 1445 1034 excluso
1468 983 1571 1046 pretato

346 1068 594 1127 reverendissimo,
608 1067 770 1131 hujusmodi
783 1069 959 1131 punitionem
977 1068 1122 1131 pertinere
1140 1080 1174 1117 ex
1192 1066 1353 1116 inveterata
1370 1066 1402 1115 et
1417 1064 1572 1129 prescripta

345 1150 525 1215 possessione
538 1162 588 1199 seu
601 1163 653 1199 usu
666 1150 701 1198 ab
713 1149 931 1200 immemorabili
949 1153 1086 1212 tempore,
1105 1149 1235 1211 quotiens
1253 1160 1336 1198 casus
1355 1146 1498 1207 occurrit,
1516 1150 1572 1209 post

346 1230 518 1293 multiplices
546 1231 816 1281 communicationes
845 1233 874 1281 et
900 1230 1100 1281 altercationes
1128 1229 1249 1280 invicem
1277 1229 1427 1292 utrimque
1457 1226 1571 1284 habitas,

346 1313 459 1362 tandem
472 1313 673 1362 concordatum
686 1313 741 1362 tuit
752 1313 780 1362 in
794 1314 907 1363 modum
921 1314 968 1376 qui
982 1313 1112 1376 sequitur
1126 1327 1133 1360 ε

379 1393 519 1445 Videlicet
531 1395 616 1457 quod,
630 1395 882 1457 quotienscumque
902 1394 1005 1458 aliquis
1017 1409 1053 1446 ex
1066 1395 1220 1459 suppositis
1232 1380 1302 1445 dicti
1313 1393 1439 1458 capituli
1456 1393 1572 1458 aliquam

346 1475 567 1540 propositionem
585 1475 739 1527 hereticam
756 1475 801 1527 rel
820 1490 969 1527 erroneam
987 1477 1092 1527 dixisse
1110 1479 1158 1527 aut
1176 1477 1346 1527 sustinuisse
1358 1476 1518 1527 infamatus
1529 1489 1571 1525 sen

347 1559 494 1620 suspectus
512 1557 608 1620 tuerit,
627 1558 682 1620 ipsi
700 1558 806 1607 domini
824 1559 858 1608 de
876 1557 1000 1621 capitulo
1018 1560 1153 1622 poterunt
1170 1571 1257 1621 super
1273 1555 1444 1609 huiusmodi
1461 1556 1572 1608 crimine

346 1641 447 1689 eontra
463 1651 528 1688 eum
547 1639 581 1688 ad
599 1639 811 1701 inquisitionem
829 1639 858 1689 in
876 1641 968 1689 torma
984 1640 1057 1703 juris
1074 1639 1245 1703 procedere3
1258 1639 1309 1691 sed
1326 1639 1379 1690 ubi
1399 1640 1572 1703 compertum

346 1721 384 1770 sit
407 1721 598 1771 examinatum
621 1721 798 1783 suppositum
821 1720 984 1783 hujusmodi
1008 1720 1164 1770 hereticam
1193 1719 1236 1771 vel
1263 1733 1420 1772 erroneam
1450 1720 1571 1785 proposi·

346 1803 454 1851 tionem
478 1801 584 1851 dixisse
606 1803 655 1851 aut
678 1802 856 1858 sustinuisse,
881 1804 1033 1863 antequam
1056 1801 1091 1852 ad
1115 1800 1240 1864 aliquam
1263 1803 1448 1852 sentenciam
1472 1800 1571 1866 qualiti-

346 1882 475 1937 caudam,
488 1881 597 1932 scilicet
608 1882 771 1932 huiusmodi
783 1883 1007 1946 propositionem
1020 1882 1063 1933 rel
1076 1885 1186 1946 partem
1199 1883 1299 1947 ipsius,
1313 1883 1349 1933 ad
1362 1884 1570 1935 revocationem

346 1964 475 2028 cogendo
493 1965 543 2013 aut
559 1962 629 2013 alias
647 1964 822 2023 diffiniendo,
840 1964 1005 2026 procedant,
1025 1964 1198 2015 tenebuntur
1214 1964 1348 2028 inprimis
1366 1965 1508 2016 accedere
1526 1976 1570 2028 per

346 2058 377 2096 se
394 2044 439 2096 vel
457 2058 523 2095 suos
542 2045 690 2108 deputatos
708 2047 850 2108 prelatum
868 2047 1013 2095 domiuum
1036 2046 1181 2096 dominum
1201 2046 1479 2097 reverendissimum
1501 2045 1567 2097 elec-

346 2127 406 2178 tum
431 2125 476 2178 vel
502 2141 584 2176 suum
611 2127 760 2177 officialem
783 2126 947 2191 generalem
973 2127 1001 2176 in
1031 2140 1082 2177 sua
1110 2128 1224 2178 civItate
1250 2126 1433 2178 'l'ornacensi
1459 2128 1490 2179 et
1513 2140 1569 2178 eum

245 2270 248 2275 ⁴
347 2209 383 2259 de
405 2221 472 2259 casu
489 2208 600 2259 heresis
617 2209 707 2273 ipsius
724 2208 830 2259 subditi
848 2222 880 2259 ac
898 2209 958 2258 toto
975 2222 1110 2272 processu
1127 2209 1321 2271 inquisitionis
1339 2211 1511 2268 informare,
1527 2209 1569 2273 qui

348 2303 405 2340 nne
424 2304 488 2340 cum
506 2290 589 2339 (lictis
607 2291 641 2341 de
659 2289 783 2353 capitulo
801 2292 850 2340 aut
867 2291 926 2339 suis
944 2290 1095 2354 deputatis,
1118 2303 1228 2341 necnon
1251 2290 1427 2353 inquisitore
1451 2290 1569 2360 heretme

347 2371 505 2435 pravitatis,
535 2372 570 2421 ad
603 2372 728 2435 ipsarum
759 2373 986 2435 propositionum
1019 2371 1269 2434 qualificationem,
1302 2371 1516 2424 ordinationem
1544 2374 1569 2423 et

349 2453 523 2503 sentenciam
546 2454 575 2502 in
599 2454 691 2503 torma
712 2454 785 2516 J'uris
809 2454 953 2517 procedet,
978 2454 1124 2517 ipsamque
1148 2453 1335 2513 sentenciam,
1365 2454 1568 2504 ordinationem

347 2535 377 2583 et
394 2533 634 2596 qualificationem
653 2537 786 2596 tanquam
803 2536 894 2597 primo
913 2534 1074 2585 nominatus
1091 2535 1206 2585 nomine
1223 2535 1326 2598 prelati
1342 2533 1568 2586 reverendissimi

348 2615 528 2665 dominicum
540 2617 659 2679 pretatis
672 2616 706 2666 de
719 2615 843 2679 capitulo
856 2618 885 2667 et
897 2618 1075 2679 inquisitore,
1085 2617 1114 2665 in
1125 2615 1187 2666 loeo
1197 2615 1350 2680 capitulari
1359 2616 1566 2680 pronunciabit3

347 2697 378 2746 et
394 2697 525 2758 quotiens
543 2696 699 2759 capitulum
717 2698 867 2761 negligens
889 2699 978 2749 luerit
998 2699 1027 2747 in
1045 2698 1217 2761 inquirendo
1238 2698 1273 2748 de
1293 2697 1464 2761 huiusmodi
1482 2697 1566 2749 heresi

347 2776 391 2828 vel
414 2778 571 2840 suspitione
600 2779 629 2827 in
658 2779 717 2828 suis
745 2781 899 2843 suppositis
928 2794 984 2829 uno
1013 2792 1110 2830 mense
1133 2781 1199 2843 post
1222 2779 1447 2831 summationem
1474 2781 1565 2831 tactam

346 2871 399 2923 per
427 2859 640 2922 promothorem
668 2861 757 2922 ipsius
779 2861 1020 2916 reverendissimi,
1051 2874 1084 2910 eo
1114 2873 1191 2918 casu,
1212 2858 1310 2923 elapso
1340 2861 1447 2912 eodem
1469 2872 1564 2915 mense.

347 2940 446 2991 licebit
462 2941 555 2990 eidem
571 2942 809 2991 reverendissimo
828 2940 872 2991 vel
890 2957 941 2992 suo
960 2941 1074 2992 officiali
1093 2942 1128 2992 de
1147 2941 1310 3006 hujusmodi
1324 2942 1450 2994 crimine
1467 2940 1563 2993 heresis

347 3035 410 3071 cnm
429 3021 599 3084 inquisitore
616 3023 646 3072 in
664 3023 810 3085 supposita
828 3023 964 3086 predicta,
990 3023 1094 3073 omisso
1117 3023 1218 3073 eodem
1241 3022 1379 3086 capitulo,
1401 3035 1562 3089 cognoscere

347 3106 377 3154 ct
396 3104 589 3165 sentenciare3
609 3103 703 3153 ethis
723 3104 913 3154 mediantibus
934 3105 1029 3154 omnia
1048 3117 1100 3168 per
1120 3105 1263 3168 pretactas
1285 3106 1385 3168 partes
1404 3119 1459 3157 seu
1478 3117 1560 3157 eorum

347 3198 383 3236 ex
406 3187 488 3248 parte
511 3185 660 3235 occasione
683 3186 905 3248 praemissorum
928 3186 1084 3236 hincinde
1107 3187 1216 3251 agitate
1237 3185 1423 3238 habebuntur
1443 3187 1495 3238 hac
1512 3186 1559 3236 viee

347 3279 399 3330 pro
417 3266 540 3325 intectis,
560 3266 637 3316 salvo
661 3268 754 3317 tamen
779 3267 808 3316 in
832 3267 962 3317 omuibus
985 3267 1059 3317 bono
1083 3266 1188 3329 placito
1212 3267 1318 3331 prefati
1340 3268 1557 3320 reverendissimi

348 3346 457 3397 domini
479 3346 573 3407 electi,
604 3347 652 3410 qui
678 3348 753 3398 inira
782 3348 943 3410 quindecim
972 3348 1032 3399 dies
1061 3347 1134 3398 hanc
1162 3349 1346 3399 concordiam
1373 3350 1556 3403 ratificareet

348 3428 508 3492 approbare
529 3429 686 3491 tenebitur3
717 3428 844 3492 alioquin
866 3429 1019 3480 habebitur
1036 3430 1152 3488 inlecta,
1173 3430 1304 3493 partibus
1323 3430 1355 3482 in
1375 3431 1496 3495 pristino
1517 3444 1554 3481 suo

346 3510 411 3573 jnre
422 3510 453 3561 et
462 3511 662 3573 prosecutione
675 3512 916 3574 permanentibus.

379 3591 483 3642 Actum
495 3591 628 3654 Tornaci,
638 3593 685 3644 die
696 3593 789 3656 prima
798 3595 903 3644 mensis
915 3594 933 3645 J
936 3595 1005 3652 unii,
1015 3607 1067 3658 per
1079 3595 1109 3645 et
1120 3595 1197 3645 inter
1207 3594 1388 3648 venerabiles
1400 3598 1430 3649 et
1441 3596 1552 3664 egregios

346 3673 423 3723 viros
449 3673 579 3724 dominos
602 3677 631 3725 et
652 3676 805 3740 magistros
827 3675 966 3726 Jacobum
990 3677 1025 3727 de
1048 3676 1153 3734 Thielt,
1183 3677 1331 3735 vicarium,
1358 3677 1509 3731 Hearieum
1526 3677 1550 3725 dt

346 3753 481 3813 Balliolo,
502 3755 653 3808 officialem
673 3756 860 3821 Brugensem,
882 3757 1022 3808 loannem
1044 3757 1208 3816 Corvillain,
1228 3759 1446 3822 promothorem
1466 3760 1549 3811 Tema

346 3849 470 3896 oensem,
494 3851 530 3887 cx
552 3840 633 3901 parte
657 3838 785 3901 eJusdem
808 3838 915 3888 domini
938 3839 1178 3898 reverendissimi,
1204 3853 1314 3891 necnon
1338 3840 1502 3900 Quintinum
1524 3840 1548 3889 de

347 3917 472 3983 Capella,
481 3918 599 3983 capituli
610 3920 814 3983 presidentem,
824 3921 942 3971 Petrum
955 3921 1094 3981 Bernard,
1106 3921 1255 3972 Nicolaum
1267 3922 1407 3983 Detieres,
1419 3922 1548 3988 Miqueleu

346 4001 382 4051 de
400 4000 429 4051 la
445 4001 605 4059 Buisxiere,
624 4003 775 4052 canonicos
793 4002 868 4052 dicte
885 4003 1015 4061 ecclesie,
1030 4002 1214 4053 Paschasium
1231 4003 1401 4068 Froymont,
1413 4005 1548 4057 baillivum,

345 4083 375 4133 et
391 4082 548 4132 Adrianum
566 4083 735 4140 Fauconier,
757 4083 826 4134 dicti
843 4084 960 4147 capituli
982 4084 1161 4134 consiliarios
1178 4086 1208 4135 et
1224 4098 1259 4136 ex
1277 4087 1361 4149 parte
1385 4088 1507 4152 ejusdem
1523 4082 1548 4134 ad

343 4165 483 4227 premissa
495 4165 705 4215 commissarios
719 4166 879 4227 deputatos.

376 4246 459 4296 Anno
471 4246 586 4297 Domini
598 4245 750 4297 millesimo
763 4247 991 4311 quingentesimo
1004 4247 1137 4298 vicesimo
1150 4249 1241 4300 sexto.

1234 4347 1270 4397 Η.
1288 4360 1325 4400 na
1342 4348 1501 4403 Bursauone.

1286 4429 1446 4485 Ferrum.

604 4540 800 4604 Rijksarchiet
811 4542 840 4594 te
852 4542 978 4603 Bressel,
992 4534 1097 4597 evectu
1109 4541 1143 4599 de
1159 4542 1292 4607 reone,
1306 4553 1337 4596 nr
1349 4544 1427 4600 1³29.
