3224 5400
692 456 795 510 ANNO
815 452 878 505 itas
1308 445 1313 454 ¹
1362 457 1396 509 25

175 623 246 675 [dem
259 621 391 674 dominus
409 621 562 686 inquisitor
582 621 628 673 die
640 620 707 673 lune
730 629 833 673 xxvmt
844 619 950 672 mensis
963 619 1086 687 Augusti
1107 622 1253 673 novissimi
1264 622 1397 688 preteriti

175 706 247 757 eirca
265 704 366 756 horam
386 707 514 757 octavam
526 705 592 756 ante
603 704 752 755 meridiem
763 703 923 766 comparuit
939 704 969 754 in
990 703 1112 755 ecclesia
1131 704 1305 757 'l'ornacensi
1316 707 1398 770 juxta

175 789 297 853 primum
309 787 433 839 hosfium
453 789 599 853 ingressus
616 786 672 836 loci
688 785 862 851 capitularis,
876 789 991 851 paratus
1011 788 1045 838 ad
1070 789 1170 838 contra
1186 788 1329 852 prelatum
1341 790 1396 853 pri·

175 871 330 921 donarium
339 882 460 921 unacum
472 868 554 920 dictis
567 868 709 934 deputatis
721 870 806 933 prout
819 869 892 933 iuris
916 871 992 921 esset
1008 869 1222 922 sentencialiter
1238 872 1394 937 proceden-

175 953 239 1003 dum
259 955 290 1004 et
301 952 506 1004 diffiniendum.

203 1034 291 1095 Item,
303 1037 334 1086 et
344 1034 444 1087 eodem
456 1034 569 1086 domino
581 1034 760 1097 inquisitore,
785 1033 874 1085 donec
895 1047 912 1084 a
932 1034 1052 1098 pretatis
1073 1035 1194 1086 dominis
1207 1035 1349 1100 deputatis
1362 1037 1396 1087 ad

175 1119 268 1170 locam
288 1115 474 1182 capitularem
497 1117 532 1169 ad
555 1117 692 1182 premissa
713 1119 889 1175 evocaretur,
909 1117 1016 1169 ibidem
1037 1118 1216 1182 expectante,
1239 1120 1398 1183 comparuit

175 1215 271 1253 coram
285 1215 319 1253 eo
339 1201 477 1267 magister
488 1199 634 1252 Iohannes
657 1199 809 1259 Corvilain,
831 1213 979 1251 causarum
1002 1200 1089 1251 officii
1112 1201 1191 1253 curie
1211 1201 1397 1253 'l'ornaceusis

175 1285 333 1349 promotor,
346 1285 395 1348 qui
416 1286 559 1345 tamqnam
570 1282 713 1334 scindicus
733 1285 762 1333 et
774 1284 942 1347 procurator
959 1283 1028 1334 dicti
1049 1283 1156 1334 domini
1174 1282 1258 1335 electi
1271 1286 1301 1336 et
1312 1285 1398 1335 admi·

175 1367 338 1418 nisti-eteris
358 1367 389 1417 in
410 1366 514 1416 notarii
536 1364 643 1430 publici
655 1367 684 1416 et
709 1365 824 1417 testium
846 1366 992 1430 presentia
1014 1366 1086 1417 dixit
1098 1365 1397 1418 etdeclaraviteidem

175 1448 290 1500 lomina
299 1448 463 1512 inquisitori
475 1448 669 1514 cognitionem
692 1449 722 1498 et
733 1446 931 1499 diffinitionem
951 1449 981 1498 in
998 1449 1127 1500 materiis
1139 1448 1248 1500 heresis
1264 1449 1300 1500 ad
1311 1449 1398 1500 domi-

174 1544 242 1598 nnm
255 1532 420 1597 episcopum
433 1530 615 1582 diocesamm
635 1531 665 1580 et
676 1530 851 1580 ordinarium
872 1531 901 1581 et
918 1544 974 1582 non
987 1532 1022 1581 ad
1034 1531 1124 1582 dictos
1136 1531 1265 1583 dominos
1277 1532 1312 1583 de
1325 1532 1397 1597 capi·

174 1613 246 1673 tulo,
259 1614 291 1665 ut
300 1614 372 1666 bene
380 1613 497 1671 sciebat,
509 1613 544 1665 de
555 1613 620 1676 iure
629 1613 758 1677 spectare
770 1612 874 1664 debere
886 1615 915 1665 et
927 1615 1065 1677 spectare.
1079 1615 1240 1678 protestans
1251 1627 1396 1679 expresse,

174 1710 244 1749 casu
257 1709 313 1760 quo
323 1696 358 1747 ad
371 1695 532 1760 hujusmodi
544 1695 718 1746 sentenciam
736 1707 800 1746 cum
818 1695 901 1746 dictis
921 1696 1043 1747 dominis
1064 1697 1098 1748 de
1110 1696 1234 1760 capitulo
1245 1696 1397 1761 judicibus,

174 1782 206 1832 ut
216 1779 340 1839 dIcebat,
353 1792 410 1830 non
422 1777 647 1842 competentibus
671 1778 828 1842 procedere
851 1777 939 1830 vellet
951 1790 1002 1830 seu
1022 1779 1200 1843 procederet,
1218 1779 1254 1832 de
1266 1778 1398 1831 nullitate

174 1875 336 1927 processus,
364 1862 509 1913 sentencie
528 1861 646 1912 terende
664 1863 694 1912 et
710 1861 836 1912 omnium
855 1863 884 1913 et
901 1859 1079 1927 singulorum
1099 1861 1166 1913 inde
1188 1863 1398 1926 sequendorum

174 1948 310 2008 tanquam
323 1944 431 1996 temere
442 1945 644 2007 usurpatorum
656 1948 686 1995 et
697 1945 939 2009 attemptaturum.

204 2025 290 2083 Item,
302 2027 332 2077 et
343 2026 441 2077 eadem
455 2025 500 2076 die
512 2034 614 2076 xxsur²
627 2025 760 2092 Augusti,
773 2027 903 2077 omnibus
917 2028 946 2078 et
958 2025 1079 2092 singulis
1093 2025 1213 2077 dominis
1226 2028 1261 2078 de
1274 2025 1398 2091 capitulo

174 2121 224 2173 per
231 2108 468 2172 juramentumad
479 2121 579 2158 sonum
588 2120 724 2172 campane
736 2109 770 2158 ad
780 2109 880 2159 contra
893 2108 998 2159 dictum
1007 2107 1209 2173 prisionarium
1219 2107 1398 2159 sentenciali-

174 2194 218 2242 ter
234 2189 448 2255 procedendum
462 2187 659 2254 capitulariter
676 2190 869 2254 congregatis,
882 2189 1054 2242 venerabilis
1072 2191 1102 2242 et
1118 2190 1338 2254 circumspectus
1356 2190 1400 2240 vir

173 2274 314 2338 magister
324 2272 428 2323 Petrus
440 2271 544 2330 ostrei,
558 2272 774 2324 archidiaconus
795 2272 961 2337 Brugensis,
977 2273 1046 2323 dicti
1056 2272 1166 2323 domini
1178 2271 1263 2324 electi
1272 2273 1303 2324 et
1314 2272 1400 2323 admi·

173 2356 340 2408 nistratoris
350 2355 472 2405 vicarius
484 2355 638 2420 generalis,
658 2355 731 2405 dixit
742 2357 771 2406 et
792 2354 946 2406 declaravit
968 2357 1003 2406 ad
1015 2356 1077 2420 ejus
1090 2355 1223 2406 noticiam
1235 2354 1397 2406 immediate

173 2437 334 2494 devenisse.
346 2437 421 2501 quod
432 2437 562 2488 dominus
573 2437 726 2501 inquisitor
738 2436 865 2488 heretice
882 2438 1031 2501 pravitatis
1043 2439 1137 2489 iuerat
1148 2450 1201 2502 per
1212 2450 1310 2489 eorum
1323 2436 1396 2489 litte

173 2535 222 2573 raa
234 2520 345 2571 adeum
358 2533 492 2584 expresse
501 2520 603 2570 missas
612 2520 767 2584 requisitus
780 2521 809 2570 et
820 2521 953 2571 evocatus
966 2521 1001 2571 ad
1021 2522 1113 2571 certas
1124 2521 1334 2584 propositiones
1345 2533 1397 2584 per

173 2605 283 2655 dictum
295 2603 440 2653 dominum
452 2604 580 2653 curatum
592 2602 793 2666 prisionarium
805 2602 965 2666 predicatas
985 2604 1015 2654 et
1028 2603 1224 2655 disseminatas
1236 2601 1399 2667 qualifican·
1426 2655 1429 2659 ,

173 2687 253 2744 dum,
278 2685 396 2750 paratus
408 2686 437 2736 et
449 2685 601 2749 expectans
613 2685 648 2736 ad
660 2683 782 2736 ulterius
793 2684 823 2734 in
836 2685 962 2749 presenti
981 2685 1107 2751 negotio,
1121 2686 1196 2749 quod
1214 2685 1325 2737 notorie
1337 2687 1400 2737 erat
1424 2677 1426 2681 ’

173 2767 297 2820 materia
305 2767 425 2827 heresis,
435 2766 649 2818 sentencialiter
657 2768 867 2832 procedendum
878 2769 907 2819 et
918 2768 1128 2832 diffiniendum
1139 2768 1214 2832 quod
1223 2769 1278 2833 ipsi
1291 2769 1399 2819 domini

173 2852 209 2903 de
218 2849 407 2915 capitulonec
417 2850 479 2914 ipsc
492 2850 621 2901 dominus
633 2851 786 2914 inquisitor
804 2851 866 2902 sinc
879 2851 1048 2903 auctoritate
1061 2851 1169 2902 domini
1179 2851 1306 2916 episcopi
1324 2850 1398 2902 ordi·

173 2934 249 2988 narii
260 2934 358 2984 tacere
365 2933 499 2998 poterant
509 2945 562 2984 nec
571 2932 792 2991 debebant,cum
801 2934 928 2999 cognitio
940 2933 1066 2985 omnium
1077 2946 1226 2985 causarum
1237 2934 1268 2985 iu
1278 2933 1399 2986 materia

173 3017 286 3069 heresis
303 3016 512 3080 adepiscopum
537 3015 718 3067 diocesanum
734 3017 791 3066 tam
814 3018 878 3080 jure
891 3017 1036 3068 ordinario
1054 3029 1138 3080 quam
1160 3029 1196 3068 ex
1217 3015 1397 3083 delegatione

172 3097 332 3166 apostolica
341 3098 456 3149 indubie
468 3100 577 3163 spectet
586 3100 614 3150 et
625 3099 776 3162 pertineat.

205 3182 291 3241 Item,
305 3182 334 3231 et
357 3179 558 3231 nichilominus
576 3193 611 3232 ne
628 3180 773 3232 videretur
793 3181 902 3232 eisdem
913 3181 1035 3232 dominis
1047 3182 1081 3232 de
1094 3179 1227 3245 capitulo,
1246 3181 1321 3245 quod
1332 3195 1396 3247 pre·

172 3265 250 3316 latus
262 3263 393 3313 dominus
406 3263 528 3313 vicarius
539 3262 589 3312 illo
610 3264 704 3314 medio
717 3263 804 3314 vellet
827 3264 966 3328 impedire
984 3262 1135 3326 quominus
1155 3266 1255 3316 contra
1266 3266 1397 3316 eumdem

172 3345 387 3412 prisionarium,
400 3346 431 3394 ut
442 3345 514 3408 juris
526 3346 579 3404 est,
593 3347 806 3408 procederetur,
831 3347 881 3396 aut
896 3347 971 3409 quod
983 3346 1129 3397 sentencia
1139 3346 1257 3397 terenda
1274 3347 1398 3399 differre

172 3431 229 3487 tar,
242 3426 350 3479 obtulit
361 3428 468 3478 eisdem
481 3427 603 3477 dominis
615 3428 650 3478 de
663 3427 787 3491 capitulo
801 3442 852 3492 per
875 3429 988 3479 modum
1012 3428 1198 3493 expedientis,
1213 3427 1289 3480 salvo
1303 3432 1397 3482 tamen

172 3513 235 3576 jure
253 3511 324 3561 dicti
340 3511 448 3561 domini
461 3509 545 3562 electi
557 3511 586 3561 et
598 3511 838 3560 administratoris
850 3523 1022 3575 suorumque
1040 3524 1236 3563 successorum
1253 3514 1399 3579 episcopo·

172 3607 238 3646 mim
250 3591 476 3644 'tornacensium
489 3594 518 3644 ct
530 3592 636 3655 absque
648 3593 807 3657 prejudicio
819 3595 942 3657 partium
955 3594 1098 3654 hincinde,
1111 3595 1186 3658 quod
1204 3608 1256 3658 pro
1274 3594 1326 3646 hac
1337 3597 1399 3649 vice

172 3677 315 3727 duntaxat
332 3675 537 3739 procederetur
560 3678 589 3726 et
613 3677 695 3727 tieret
715 3677 862 3728 sentencia
881 3679 1073 3741 conjunctact
1093 3680 1235 3730 communi
1244 3693 1328 3731 manu
1342 3695 1349 3744 ;
1363 3682 1398 3731 ad

172 3771 260 3822 qnam
282 3754 456 3807 oblationem
476 3770 526 3807 seu
550 3758 664 3807 modum
688 3758 865 3821 expedientis
888 3760 993 3822 prelati
1016 3759 1122 3811 domini
1134 3762 1164 3813 et
1174 3760 1329 3826 capitulum
1341 3777 1397 3813 non

172 3839 358 3890 intendentes
368 3851 420 3889 nec
432 3836 595 3902 hujusmodi
608 3839 780 3890 oblationem
793 3842 1093 3905 acceptantes,dictum
1105 3842 1250 3894 dominum
1261 3844 1398 3895 vicarium

172 3935 286 3973 necnon
300 3918 494 3971 Balthasarem
513 3920 547 3971 ds
565 3921 671 3971 cordes
683 3920 843 3982 officialem,
860 3922 1046 3975 Guillermum
1065 3925 1192 3976 Bernard
1204 3924 1396 3991 sigilliferum

172 4002 327 4056 Nicolaum
339 4002 433 4054 cotrel
447 4005 623 4066 receptorem
636 4003 810 4067 generalem,
834 4004 959 4058 Leonem
978 4007 1101 4058 Haccart
1115 4008 1310 4068 secretarium,
1323 4010 1397 4062 dicte

171 4085 296 4138 ecclesie
309 4085 460 4134 canonicos
481 4086 613 4148 tanquam
635 4087 703 4136 dicti
721 4087 828 4138 domini
849 4087 933 4139 electi
957 4089 1109 4140 officiarios
1127 4091 1197 4142 etin
1209 4089 1262 4142 hac
1278 4093 1399 4145 materia

171 4169 333 4232 suspectos,
346 4167 480 4216 scrutatis
492 4169 572 4230 prius
584 4171 678 4219 tamen
692 4182 790 4219 eorum
809 4170 998 4235 opinionibus,
1009 4172 1158 4236 ecapitulo
1169 4173 1316 4226 discedere
1328 4176 1399 4227 lece

171 4252 251 4307 runt,
263 4249 389 4313 ipsisque
402 4248 576 4309 absentibus,
596 4251 631 4301 ad
652 4253 797 4303 sentencie
817 4252 1015 4316 prolationem,
1039 4256 1185 4319 premissis
1197 4270 1253 4307 non
1267 4258 1399 4310 obstanti-

171 4335 236 4393 bus,
250 4331 464 4396 procedendum
476 4344 538 4383 csse
548 4331 778 4385 deliberaverunt
790 4338 819 4386 et
830 4335 1040 4388 concluserunt.

205 4415 293 4476 Item,
306 4426 389 4478 quam
401 4414 612 4466 conclusionem
628 4415 804 4479 insequendo
827 4419 922 4469 statim
942 4422 1007 4483 post
1030 4420 1135 4472 dictum
1152 4422 1351 4486 inquisitorem
1363 4424 1398 4476 ad

171 4499 285 4554 dictum
304 4495 398 4553 locum
418 4496 604 4565 capitularem
628 4499 740 4556 evocari
763 4502 793 4551 et
812 4500 917 4559 ibidem
933 4516 985 4577 per
996 4504 1164 4571 magistrum
1175 4505 1350 4574 anthonium
1362 4507 1398 4577 de
