<?xml version="1.0" encoding="UTF-8"?>
<!DOCTYPE html PUBLIC "-//W3C//DTD XHTML 1.0 Transitional//EN"
    "http://www.w3.org/TR/xhtml1/DTD/xhtml1-transitional.dtd">
<html xmlns="http://www.w3.org/1999/xhtml" xml:lang="en" lang="en">
 <head>
  <title>
</title>
<meta http-equiv="Content-Type" content="text/html;charset=utf-8" />
  <meta name='ocr-system' content='tesseract 3.04.00' />
  <meta name='ocr-capabilities' content='ocr_page ocr_carea ocr_par ocr_line ocrx_word'/>
</head>
<body>
  <div class='ocr_page' id='page_1' title='image "./corpusdocumento02frgoog_0353.png"; bbox 0 0 3224 5400; ppageno 0'>
   <div class='ocr_carea' id='block_1_1' title="bbox 193 469 893 524">
    <p class='ocr_par' dir='ltr' id='par_1_1' title="bbox 193 469 893 524">
     <span class='ocr_line' id='line_1_1' title="bbox 193 469 893 524; baseline -0.004 0"><span class='ocrx_word' id='word_1_1' title='bbox 193 471 244 524; x_wconf 67' lang='grc' dir='ltr'>θα)</span> <span class='ocrx_word' id='word_1_2' title='bbox 710 470 812 524; x_wconf 81' lang='lat' dir='ltr'>ANNO</span> <span class='ocrx_word' id='word_1_3' title='bbox 830 469 893 521; x_wconf 74' lang='lat' dir='ltr'>leat</span> 
     </span>
    </p>
   </div>
   <div class='ocr_carea' id='block_1_2' title="bbox 155 637 1424 4502">
    <p class='ocr_par' dir='ltr' id='par_1_2' title="bbox 155 637 1410 3429">
     <span class='ocr_line' id='line_1_2' title="bbox 192 637 1406 706; baseline 0.002 -16"><span class='ocrx_word' id='word_1_4' title='bbox 192 638 347 706; x_wconf 77' lang='lat' dir='ltr'><strong>grandibus</strong></span> <span class='ocrx_word' id='word_1_5' title='bbox 366 638 566 697; x_wconf 86' lang='lat' dir='ltr'>voluminibus,</span> <span class='ocrx_word' id='word_1_6' title='bbox 575 637 671 704; x_wconf 92' lang='lat' dir='ltr'>gladio</span> <span class='ocrx_word' id='word_1_7' title='bbox 689 640 718 691; x_wconf 89' lang='lat' dir='ltr'>et</span> <span class='ocrx_word' id='word_1_8' title='bbox 734 640 797 705; x_wconf 87' lang='lat' dir='ltr'>igni</span> <span class='ocrx_word' id='word_1_9' title='bbox 823 639 968 706; x_wconf 91' lang='lat' dir='ltr'>extirpare</span> <span class='ocrx_word' id='word_1_10' title='bbox 984 641 1132 699; x_wconf 87' lang='lat' dir='ltr'>conantur,</span> <span class='ocrx_word' id='word_1_11' title='bbox 1142 653 1213 706; x_wconf 88' lang='lat' dir='ltr'>quas</span> <span class='ocrx_word' id='word_1_12' title='bbox 1242 640 1321 693; x_wconf 87' lang='lat' dir='ltr'>solus</span> <span class='ocrx_word' id='word_1_13' title='bbox 1337 640 1406 693; x_wconf 87' lang='lat' dir='ltr'>Deus</span> 
     </span>
     <span class='ocr_line' id='line_1_3' title="bbox 192 721 1408 789; baseline 0.002 -17"><span class='ocrx_word' id='word_1_14' title='bbox 192 721 288 789; x_wconf 88' lang='lat' dir='ltr'>gladio</span> <span class='ocrx_word' id='word_1_15' title='bbox 306 721 385 774; x_wconf 88' lang='lat' dir='ltr'>verbi</span> <span class='ocrx_word' id='word_1_16' title='bbox 402 722 447 773; x_wconf 91' lang='lat' dir='ltr'>sui</span> <span class='ocrx_word' id='word_1_17' title='bbox 465 721 494 773; x_wconf 90' lang='lat' dir='ltr'>et</span> <span class='ocrx_word' id='word_1_18' title='bbox 510 722 582 787; x_wconf 83' lang='lat' dir='ltr'>igni,</span> <span class='ocrx_word' id='word_1_19' title='bbox 601 735 685 785; x_wconf 90' lang='lat' dir='ltr'>quem</span> <span class='ocrx_word' id='word_1_20' title='bbox 704 722 783 773; x_wconf 83' lang='lat' dir='ltr'><strong>misit</strong></span> <span class='ocrx_word' id='word_1_21' title='bbox 797 723 827 774; x_wconf 91' lang='lat' dir='ltr'>in</span> <span class='ocrx_word' id='word_1_22' title='bbox 843 723 958 781; x_wconf 84' lang='lat' dir='ltr'>terram,</span> <span class='ocrx_word' id='word_1_23' title='bbox 971 724 1001 775; x_wconf 93' lang='lat' dir='ltr'>in</span> <span class='ocrx_word' id='word_1_24' title='bbox 1022 722 1142 775; x_wconf 89' lang='lat' dir='ltr'>nihilum</span> <span class='ocrx_word' id='word_1_25' title='bbox 1158 723 1295 789; x_wconf 81' lang='lat' dir='ltr'>redigere</span> <span class='ocrx_word' id='word_1_26' title='bbox 1311 724 1408 788; x_wconf 87' lang='lat' dir='ltr'>potest.</span> 
     </span>
     <span class='ocr_line' id='line_1_4' title="bbox 195 803 1408 870; baseline 0.001 -14"><span class='ocrx_word' id='word_1_27' title='bbox 195 804 251 856; x_wconf 83' lang='lat' dir='ltr'>Cur</span> <span class='ocrx_word' id='word_1_28' title='bbox 262 803 401 868; x_wconf 88' lang='lat' dir='ltr'>homines,</span> <span class='ocrx_word' id='word_1_29' title='bbox 418 803 554 855; x_wconf 89' lang='lat' dir='ltr'>habentes</span> <span class='ocrx_word' id='word_1_30' title='bbox 572 804 685 867; x_wconf 91' lang='lat' dir='ltr'>quidem</span> <span class='ocrx_word' id='word_1_31' title='bbox 698 805 751 856; x_wconf 88' lang='lat' dir='ltr'>Dei</span> <span class='ocrx_word' id='word_1_32' title='bbox 763 804 863 864; x_wconf 85' lang='lat' dir='ltr'>zelum,</span> <span class='ocrx_word' id='word_1_33' title='bbox 880 806 913 857; x_wconf 93' lang='lat' dir='ltr'>ut</span> <span class='ocrx_word' id='word_1_34' title='bbox 927 806 983 857; x_wconf 88' lang='lat' dir='ltr'>sibi</span> <span class='ocrx_word' id='word_1_35' title='bbox 999 806 1068 870; x_wconf 90' lang='lat' dir='ltr'>ipsis</span> <span class='ocrx_word' id='word_1_36' title='bbox 1082 805 1155 857; x_wconf 83' lang='lat' dir='ltr'>laiso</span> <span class='ocrx_word' id='word_1_37' title='bbox 1168 806 1353 870; x_wconf 86' lang='lat' dir='ltr'>persuadent,</span> <span class='ocrx_word' id='word_1_38' title='bbox 1364 807 1408 858; x_wconf 81' lang='lat' dir='ltr'>sed</span> 
     </span>
     <span class='ocr_line' id='line_1_5' title="bbox 195 875 1410 953; baseline 0 -15"><span class='ocrx_word' id='word_1_39' title='bbox 195 900 252 938; x_wconf 90' lang='lat' dir='ltr'>non</span> <span class='ocrx_word' id='word_1_40' title='bbox 262 888 415 939; x_wconf 88' lang='lat' dir='ltr'>secundum</span> <span class='ocrx_word' id='word_1_41' title='bbox 427 887 583 946; x_wconf 89' lang='lat' dir='ltr'>scientiam,</span> <span class='ocrx_word' id='word_1_42' title='bbox 597 887 670 950; x_wconf 91' lang='lat' dir='ltr'>quod</span> <span class='ocrx_word' id='word_1_43' title='bbox 682 886 770 938; x_wconf 88' lang='lat' dir='ltr'>solius</span> <span class='ocrx_word' id='word_1_44' title='bbox 783 889 836 938; x_wconf 90' lang='lat' dir='ltr'>Dei</span> <span class='ocrx_word' id='word_1_45' title='bbox 848 875 900 951; x_wconf 85' lang='lat' dir='ltr'>est,</span> <span class='ocrx_word' id='word_1_46' title='bbox 914 888 968 939; x_wconf 89' lang='lat' dir='ltr'>sibi</span> <span class='ocrx_word' id='word_1_47' title='bbox 981 902 1118 953; x_wconf 88' lang='lat' dir='ltr'>usurpare</span> <span class='ocrx_word' id='word_1_48' title='bbox 1134 889 1293 940; x_wconf 87' lang='lat' dir='ltr'>conanturt</span> <span class='ocrx_word' id='word_1_49' title='bbox 1305 889 1410 947; x_wconf 86' lang='lat' dir='ltr'>Dicant,</span> 
     </span>
     <span class='ocr_line' id='line_1_6' title="bbox 155 969 1409 1036; baseline 0.002 -17"><span class='ocrx_word' id='word_1_50' title='bbox 155 1011 160 1018; x_wconf 84' lang='grc'>.</span> <span class='ocrx_word' id='word_1_51' title='bbox 195 970 219 1021; x_wconf 89' lang='lat' dir='ltr'>si</span> <span class='ocrx_word' id='word_1_52' title='bbox 230 971 358 1036; x_wconf 91' lang='lat' dir='ltr'>possunt,</span> <span class='ocrx_word' id='word_1_53' title='bbox 369 970 592 1033; x_wconf 82' lang='lat' dir='ltr'>quotusquisque</span> <span class='ocrx_word' id='word_1_54' title='bbox 601 969 820 1034; x_wconf 88' lang='lat' dir='ltr'>haereticorum,</span> <span class='ocrx_word' id='word_1_55' title='bbox 830 971 989 1022; x_wconf 85' lang='lat' dir='ltr'>viventibus</span> <span class='ocrx_word' id='word_1_56' title='bbox 999 972 1084 1023; x_wconf 89' lang='lat' dir='ltr'>etiam</span> <span class='ocrx_word' id='word_1_57' title='bbox 1093 970 1191 1023; x_wconf 88' lang='lat' dir='ltr'>electis</span> <span class='ocrx_word' id='word_1_58' title='bbox 1200 969 1261 1022; x_wconf 89' lang='lat' dir='ltr'>illis</span> <span class='ocrx_word' id='word_1_59' title='bbox 1270 970 1409 1035; x_wconf 85' lang='lat' dir='ltr'>apostolis,</span> 
     </span>
     <span class='ocr_line' id='line_1_7' title="bbox 194 1052 1409 1119; baseline 0.001 -15"><span class='ocrx_word' id='word_1_60' title='bbox 194 1066 247 1118; x_wconf 89' lang='lat' dir='ltr'>per</span> <span class='ocrx_word' id='word_1_61' title='bbox 263 1052 400 1104; x_wconf 90' lang='lat' dir='ltr'>humanas</span> <span class='ocrx_word' id='word_1_62' title='bbox 420 1052 635 1116; x_wconf 76' lang='lat' dir='ltr'>disputationes,</span> <span class='ocrx_word' id='word_1_63' title='bbox 654 1052 794 1118; x_wconf 88' lang='lat' dir='ltr'>abnegato</span> <span class='ocrx_word' id='word_1_64' title='bbox 815 1066 850 1104; x_wconf 92' lang='lat' dir='ltr'>ex</span> <span class='ocrx_word' id='word_1_65' title='bbox 871 1054 964 1104; x_wconf 89' lang='lat' dir='ltr'>animo</span> <span class='ocrx_word' id='word_1_66' title='bbox 986 1067 1094 1115; x_wconf 89' lang='lat' dir='ltr'>errore,</span> <span class='ocrx_word' id='word_1_67' title='bbox 1112 1054 1147 1104; x_wconf 92' lang='lat' dir='ltr'>ad</span> <span class='ocrx_word' id='word_1_68' title='bbox 1165 1053 1297 1105; x_wconf 86' lang='lat' dir='ltr'>veritatis</span> <span class='ocrx_word' id='word_1_69' title='bbox 1317 1053 1409 1119; x_wconf 82' lang='lat' dir='ltr'>cogni-</span> 
     </span>
     <span class='ocr_line' id='line_1_8' title="bbox 194 1133 1410 1201; baseline 0 -15"><span class='ocrx_word' id='word_1_70' title='bbox 194 1135 301 1187; x_wconf 85' lang='lat' dir='ltr'>tionem</span> <span class='ocrx_word' id='word_1_71' title='bbox 312 1135 447 1186; x_wconf 88' lang='lat' dir='ltr'>redieritt</span> <span class='ocrx_word' id='word_1_72' title='bbox 459 1133 539 1193; x_wconf 86' lang='lat' dir='ltr'>Quod</span> <span class='ocrx_word' id='word_1_73' title='bbox 551 1135 576 1185; x_wconf 90' lang='lat' dir='ltr'>si</span> <span class='ocrx_word' id='word_1_74' title='bbox 588 1148 644 1184; x_wconf 93' lang='lat' dir='ltr'>non</span> <span class='ocrx_word' id='word_1_75' title='bbox 656 1135 784 1198; x_wconf 88' lang='lat' dir='ltr'>possunt,</span> <span class='ocrx_word' id='word_1_76' title='bbox 797 1148 885 1198; x_wconf 91' lang='lat' dir='ltr'>quare</span> <span class='ocrx_word' id='word_1_77' title='bbox 897 1135 982 1187; x_wconf 88' lang='lat' dir='ltr'>stulte</span> <span class='ocrx_word' id='word_1_78' title='bbox 992 1134 1162 1201; x_wconf 81' lang='lat' dir='ltr'>gloriantur,</span> <span class='ocrx_word' id='word_1_79' title='bbox 1172 1136 1255 1199; x_wconf 87' lang='lat' dir='ltr'>quasi</span> <span class='ocrx_word' id='word_1_80' title='bbox 1264 1138 1315 1188; x_wconf 90' lang='lat' dir='ltr'>aut</span> <span class='ocrx_word' id='word_1_81' title='bbox 1323 1135 1410 1201; x_wconf 83' lang='lat' dir='ltr'>dispu-</span> 
     </span>
     <span class='ocr_line' id='line_1_9' title="bbox 194 1217 1409 1282; baseline 0 -13"><span class='ocrx_word' id='word_1_82' title='bbox 194 1218 280 1270; x_wconf 88' lang='lat' dir='ltr'>tando</span> <span class='ocrx_word' id='word_1_83' title='bbox 292 1219 341 1269; x_wconf 87' lang='lat' dir='ltr'>aut</span> <span class='ocrx_word' id='word_1_84' title='bbox 357 1217 535 1282; x_wconf 82' lang='lat' dir='ltr'>tyrannidem</span> <span class='ocrx_word' id='word_1_85' title='bbox 547 1218 716 1279; x_wconf 90' lang='lat' dir='ltr'>exercendo,</span> <span class='ocrx_word' id='word_1_86' title='bbox 726 1218 756 1268; x_wconf 92' lang='lat' dir='ltr'>id</span> <span class='ocrx_word' id='word_1_87' title='bbox 773 1218 893 1282; x_wconf 90' lang='lat' dir='ltr'>possint,</span> <span class='ocrx_word' id='word_1_88' title='bbox 915 1219 999 1282; x_wconf 88' lang='lat' dir='ltr'>quod,</span> <span class='ocrx_word' id='word_1_89' title='bbox 1018 1219 1128 1269; x_wconf 84' lang='lat' dir='ltr'>virente</span> <span class='ocrx_word' id='word_1_90' title='bbox 1144 1218 1326 1282; x_wconf 82' lang='lat' dir='ltr'>florenteque</span> <span class='ocrx_word' id='word_1_91' title='bbox 1342 1217 1409 1269; x_wconf 88' lang='lat' dir='ltr'>chri·</span> 
     </span>
     <span class='ocr_line' id='line_1_10' title="bbox 193 1298 1409 1366; baseline 0.001 -15"><span class='ocrx_word' id='word_1_92' title='bbox 193 1301 288 1352; x_wconf 90' lang='lat' dir='ltr'>stiana</span> <span class='ocrx_word' id='word_1_93' title='bbox 296 1299 447 1365; x_wconf 89' lang='lat' dir='ltr'>religione,</span> <span class='ocrx_word' id='word_1_94' title='bbox 460 1299 506 1350; x_wconf 92' lang='lat' dir='ltr'>vix</span> <span class='ocrx_word' id='word_1_95' title='bbox 516 1298 591 1350; x_wconf 89' lang='lat' dir='ltr'>ullus</span> <span class='ocrx_word' id='word_1_96' title='bbox 602 1301 729 1363; x_wconf 90' lang='lat' dir='ltr'>potuisse</span> <span class='ocrx_word' id='word_1_97' title='bbox 741 1298 867 1366; x_wconf 90' lang='lat' dir='ltr'>legiturt</span> <span class='ocrx_word' id='word_1_98' title='bbox 880 1301 935 1351; x_wconf 91' lang='lat' dir='ltr'>Det</span> <span class='ocrx_word' id='word_1_99' title='bbox 946 1301 1093 1362; x_wconf 90' lang='lat' dir='ltr'>Dominus,</span> <span class='ocrx_word' id='word_1_100' title='bbox 1109 1314 1145 1352; x_wconf 91' lang='lat' dir='ltr'>ne</span> <span class='ocrx_word' id='word_1_101' title='bbox 1158 1300 1197 1360; x_wconf 89' lang='lat' dir='ltr'>hi,</span> <span class='ocrx_word' id='word_1_102' title='bbox 1213 1301 1263 1365; x_wconf 92' lang='lat' dir='ltr'>qui</span> <span class='ocrx_word' id='word_1_103' title='bbox 1275 1299 1347 1352; x_wconf 86' lang='lat' dir='ltr'>alios</span> <span class='ocrx_word' id='word_1_104' title='bbox 1358 1301 1409 1352; x_wconf 87' lang='lat' dir='ltr'>tam</span> 
     </span>
     <span class='ocr_line' id='line_1_11' title="bbox 193 1382 1409 1447; baseline -0.002 -12"><span class='ocrx_word' id='word_1_105' title='bbox 193 1382 279 1435; x_wconf 79' lang='lat' dir='ltr'>tacite</span> <span class='ocrx_word' id='word_1_106' title='bbox 290 1385 319 1435; x_wconf 88' lang='lat' dir='ltr'>at</span> <span class='ocrx_word' id='word_1_107' title='bbox 336 1383 504 1447; x_wconf 78' lang='lat' dir='ltr'>arroganter</span> <span class='ocrx_word' id='word_1_108' title='bbox 515 1382 674 1433; x_wconf 86' lang='lat' dir='ltr'>haereticos</span> <span class='ocrx_word' id='word_1_109' title='bbox 687 1382 822 1440; x_wconf 88' lang='lat' dir='ltr'>iudicant,</span> <span class='ocrx_word' id='word_1_110' title='bbox 842 1383 955 1433; x_wconf 89' lang='lat' dir='ltr'>tandem</span> <span class='ocrx_word' id='word_1_111' title='bbox 967 1384 999 1435; x_wconf 91' lang='lat' dir='ltr'>ut</span> <span class='ocrx_word' id='word_1_112' title='bbox 1011 1384 1136 1434; x_wconf 92' lang='lat' dir='ltr'>omnium</span> <span class='ocrx_word' id='word_1_113' title='bbox 1148 1382 1369 1435; x_wconf 86' lang='lat' dir='ltr'>baereticissimi</span> <span class='ocrx_word' id='word_1_114' title='bbox 1379 1382 1409 1433; x_wconf 91' lang='lat' dir='ltr'>ab</span> 
     </span>
     <span class='ocr_line' id='line_1_12' title="bbox 194 1463 1408 1530; baseline 0 -14"><span class='ocrx_word' id='word_1_115' title='bbox 194 1465 255 1526; x_wconf 89' lang='lat' dir='ltr'>illo,</span> <span class='ocrx_word' id='word_1_116' title='bbox 268 1465 317 1530; x_wconf 91' lang='lat' dir='ltr'>qui</span> <span class='ocrx_word' id='word_1_117' title='bbox 330 1477 382 1516; x_wconf 91' lang='lat' dir='ltr'>nec</span> <span class='ocrx_word' id='word_1_118' title='bbox 400 1463 462 1516; x_wconf 85' lang='lat' dir='ltr'>talli</span> <span class='ocrx_word' id='word_1_119' title='bbox 479 1478 531 1516; x_wconf 89' lang='lat' dir='ltr'>nec</span> <span class='ocrx_word' id='word_1_120' title='bbox 547 1463 649 1516; x_wconf 80' lang='lat' dir='ltr'>tallere</span> <span class='ocrx_word' id='word_1_121' title='bbox 666 1465 770 1528; x_wconf 88' lang='lat' dir='ltr'>potest,</span> <span class='ocrx_word' id='word_1_122' title='bbox 788 1465 958 1516; x_wconf 87' lang='lat' dir='ltr'>iudicentur.</span> <span class='ocrx_word' id='word_1_123' title='bbox 979 1465 1043 1517; x_wconf 90' lang='lat' dir='ltr'>Nou</span> <span class='ocrx_word' id='word_1_124' title='bbox 1058 1479 1120 1516; x_wconf 92' lang='lat' dir='ltr'>sum</span> <span class='ocrx_word' id='word_1_125' title='bbox 1137 1465 1267 1530; x_wconf 88' lang='lat' dir='ltr'>ignarus,</span> <span class='ocrx_word' id='word_1_126' title='bbox 1284 1463 1408 1516; x_wconf 78' lang='lat' dir='ltr'>illustris</span> 
     </span>
     <span class='ocr_line' id='line_1_13' title="bbox 195 1545 1408 1614; baseline -0.001 -15"><span class='ocrx_word' id='word_1_127' title='bbox 195 1549 267 1601; x_wconf 90' lang='lat' dir='ltr'>sime</span> <span class='ocrx_word' id='word_1_128' title='bbox 282 1548 346 1604; x_wconf 86' lang='lat' dir='ltr'>dux,</span> <span class='ocrx_word' id='word_1_129' title='bbox 367 1547 434 1610; x_wconf 92' lang='lat' dir='ltr'>quid</span> <span class='ocrx_word' id='word_1_130' title='bbox 443 1545 482 1607; x_wconf 90' lang='lat' dir='ltr'>hi,</span> <span class='ocrx_word' id='word_1_131' title='bbox 501 1561 621 1611; x_wconf 90' lang='lat' dir='ltr'>quorum</span> <span class='ocrx_word' id='word_1_132' title='bbox 637 1549 765 1608; x_wconf 89' lang='lat' dir='ltr'>avaritia,</span> <span class='ocrx_word' id='word_1_133' title='bbox 779 1549 921 1614; x_wconf 91' lang='lat' dir='ltr'>superbia,</span> <span class='ocrx_word' id='word_1_134' title='bbox 935 1549 1072 1614; x_wconf 86' lang='lat' dir='ltr'>tyrannis,</span> <span class='ocrx_word' id='word_1_135' title='bbox 1084 1560 1136 1613; x_wconf 90' lang='lat' dir='ltr'>per</span> <span class='ocrx_word' id='word_1_136' title='bbox 1148 1548 1201 1599; x_wconf 89' lang='lat' dir='ltr'>Dei</span> <span class='ocrx_word' id='word_1_137' title='bbox 1214 1547 1334 1599; x_wconf 84' lang='lat' dir='ltr'>verbum</span> <span class='ocrx_word' id='word_1_138' title='bbox 1350 1561 1408 1612; x_wconf 81' lang='lat' dir='ltr'>quo</span> 
     </span>
     <span class='ocr_line' id='line_1_14' title="bbox 195 1630 1405 1696; baseline -0.001 -14"><span class='ocrx_word' id='word_1_139' title='bbox 195 1632 264 1683; x_wconf 89' lang='lat' dir='ltr'>tidie</span> <span class='ocrx_word' id='word_1_140' title='bbox 293 1631 451 1682; x_wconf 81' lang='lat' dir='ltr'>traducitur</span> <span class='ocrx_word' id='word_1_141' title='bbox 478 1631 507 1681; x_wconf 88' lang='lat' dir='ltr'>et</span> <span class='ocrx_word' id='word_1_142' title='bbox 525 1630 720 1694; x_wconf 75' lang='lat' dir='ltr'>labefactatur,</span> <span class='ocrx_word' id='word_1_143' title='bbox 743 1631 819 1682; x_wconf 90' lang='lat' dir='ltr'>inter</span> <span class='ocrx_word' id='word_1_144' title='bbox 841 1644 904 1682; x_wconf 87' lang='lat' dir='ltr'>sese</span> <span class='ocrx_word' id='word_1_145' title='bbox 930 1631 1067 1696; x_wconf 88' lang='lat' dir='ltr'>garriant.</span> <span class='ocrx_word' id='word_1_146' title='bbox 1094 1631 1244 1694; x_wconf 78' lang='lat' dir='ltr'>Audimus,</span> <span class='ocrx_word' id='word_1_147' title='bbox 1273 1630 1405 1695; x_wconf 88' lang='lat' dir='ltr'>inquiunt,</span> 
     </span>
     <span class='ocr_line' id='line_1_15' title="bbox 194 1712 1405 1779; baseline -0.002 -13"><span class='ocrx_word' id='word_1_148' title='bbox 194 1715 250 1766; x_wconf 89' lang='lat' dir='ltr'>iam</span> <span class='ocrx_word' id='word_1_149' title='bbox 269 1726 320 1779; x_wconf 92' lang='lat' dir='ltr'>per</span> <span class='ocrx_word' id='word_1_150' title='bbox 339 1713 429 1763; x_wconf 89' lang='lat' dir='ltr'>totum</span> <span class='ocrx_word' id='word_1_151' title='bbox 454 1714 515 1764; x_wconf 85' lang='lat' dir='ltr'>tere</span> <span class='ocrx_word' id='word_1_152' title='bbox 534 1712 631 1763; x_wconf 90' lang='lat' dir='ltr'>orbem</span> <span class='ocrx_word' id='word_1_153' title='bbox 653 1712 738 1778; x_wconf 87' lang='lat' dir='ltr'>vulgo</span> <span class='ocrx_word' id='word_1_154' title='bbox 757 1715 830 1765; x_wconf 88' lang='lat' dir='ltr'>dici:</span> <span class='ocrx_word' id='word_1_155' title='bbox 851 1712 976 1765; x_wconf 88' lang='lat' dir='ltr'>Verbum</span> <span class='ocrx_word' id='word_1_156' title='bbox 1002 1713 1127 1775; x_wconf 89' lang='lat' dir='ltr'>Domini,</span> <span class='ocrx_word' id='word_1_157' title='bbox 1144 1713 1263 1763; x_wconf 85' lang='lat' dir='ltr'>verbum</span> <span class='ocrx_word' id='word_1_158' title='bbox 1285 1713 1405 1775; x_wconf 88' lang='lat' dir='ltr'>Domiui;</span> 
     </span>
     <span class='ocr_line' id='line_1_16' title="bbox 195 1793 1403 1861; baseline -0.005 -12"><span class='ocrx_word' id='word_1_159' title='bbox 195 1794 392 1861; x_wconf 85' lang='lat' dir='ltr'>Evangelium,</span> <span class='ocrx_word' id='word_1_160' title='bbox 410 1793 614 1861; x_wconf 69' lang='lat' dir='ltr'>arengalium,</span> <span class='ocrx_word' id='word_1_161' title='bbox 634 1795 714 1857; x_wconf 84' lang='lat' dir='ltr'>lidos,</span> <span class='ocrx_word' id='word_1_162' title='bbox 737 1797 824 1861; x_wconf 76' lang='lat' dir='ltr'>ddes3</span> <span class='ocrx_word' id='word_1_163' title='bbox 848 1796 898 1847; x_wconf 90' lang='lat' dir='ltr'>sed</span> <span class='ocrx_word' id='word_1_164' title='bbox 921 1809 1058 1858; x_wconf 78' lang='lat' dir='ltr'>nusquam</span> <span class='ocrx_word' id='word_1_165' title='bbox 1075 1795 1203 1847; x_wconf 89' lang='lat' dir='ltr'>videmus</span> <span class='ocrx_word' id='word_1_166' title='bbox 1223 1793 1302 1846; x_wconf 92' lang='lat' dir='ltr'>bona</span> <span class='ocrx_word' id='word_1_167' title='bbox 1319 1807 1403 1859; x_wconf 88' lang='lat' dir='ltr'>opera.</span> 
     </span>
     <span class='ocr_line' id='line_1_17' title="bbox 195 1877 1403 1943; baseline -0.002 -13"><span class='ocrx_word' id='word_1_168' title='bbox 195 1878 251 1930; x_wconf 84' lang='lat' dir='ltr'>Hic</span> <span class='ocrx_word' id='word_1_169' title='bbox 261 1892 310 1930; x_wconf 86' lang='lat' dir='ltr'>eos</span> <span class='ocrx_word' id='word_1_170' title='bbox 322 1877 407 1929; x_wconf 88' lang='lat' dir='ltr'>liceat</span> <span class='ocrx_word' id='word_1_171' title='bbox 417 1877 606 1943; x_wconf 86' lang='lat' dir='ltr'>interrogare,</span> <span class='ocrx_word' id='word_1_172' title='bbox 626 1891 764 1941; x_wconf 82' lang='lat' dir='ltr'>quaenam</span> <span class='ocrx_word' id='word_1_173' title='bbox 781 1879 836 1943; x_wconf 90' lang='lat' dir='ltr'>ipsi</span> <span class='ocrx_word' id='word_1_174' title='bbox 852 1879 927 1929; x_wconf 91' lang='lat' dir='ltr'>bona</span> <span class='ocrx_word' id='word_1_175' title='bbox 948 1891 1036 1942; x_wconf 88' lang='lat' dir='ltr'>opera</span> <span class='ocrx_word' id='word_1_176' title='bbox 1048 1877 1297 1942; x_wconf 87' lang='lat' dir='ltr'>interpretenturt</span> <span class='ocrx_word' id='word_1_177' title='bbox 1314 1877 1403 1929; x_wconf 88' lang='lat' dir='ltr'>Utrum</span> 
     </span>
     <span class='ocr_line' id='line_1_18' title="bbox 195 1958 1402 2025; baseline -0.003 -12"><span class='ocrx_word' id='word_1_178' title='bbox 195 1961 275 2013; x_wconf 87' lang='lat' dir='ltr'>iuxta</span> <span class='ocrx_word' id='word_1_179' title='bbox 292 1959 346 2012; x_wconf 92' lang='lat' dir='ltr'>Dei</span> <span class='ocrx_word' id='word_1_180' title='bbox 365 1961 525 2024; x_wconf 86' lang='lat' dir='ltr'>praecepta,</span> <span class='ocrx_word' id='word_1_181' title='bbox 545 1973 616 2023; x_wconf 90' lang='lat' dir='ltr'>quae</span> <span class='ocrx_word' id='word_1_182' title='bbox 634 1958 696 2010; x_wconf 89' lang='lat' dir='ltr'>sola</span> <span class='ocrx_word' id='word_1_183' title='bbox 717 1961 806 2024; x_wconf 87' lang='lat' dir='ltr'>ipsius</span> <span class='ocrx_word' id='word_1_184' title='bbox 827 1960 920 2025; x_wconf 87' lang='lat' dir='ltr'>gratia</span> <span class='ocrx_word' id='word_1_185' title='bbox 940 1961 970 2011; x_wconf 90' lang='lat' dir='ltr'>et</span> <span class='ocrx_word' id='word_1_186' title='bbox 990 1973 1046 2011; x_wconf 93' lang='lat' dir='ltr'>non</span> <span class='ocrx_word' id='word_1_187' title='bbox 1067 1960 1171 2011; x_wconf 86' lang='lat' dir='ltr'>nostris</span> <span class='ocrx_word' id='word_1_188' title='bbox 1191 1959 1301 2010; x_wconf 87' lang='lat' dir='ltr'>viribus</span> <span class='ocrx_word' id='word_1_189' title='bbox 1322 1958 1402 2010; x_wconf 91' lang='lat' dir='ltr'>adim·</span> 
     </span>
     <span class='ocr_line' id='line_1_19' title="bbox 195 2040 1401 2110; baseline -0.002 -16"><span class='ocrx_word' id='word_1_190' title='bbox 195 2044 319 2110; x_wconf 87' lang='lat' dir='ltr'>plentur,</span> <span class='ocrx_word' id='word_1_191' title='bbox 335 2045 440 2105; x_wconf 89' lang='lat' dir='ltr'>vivere,</span> <span class='ocrx_word' id='word_1_192' title='bbox 458 2043 487 2092; x_wconf 89' lang='lat' dir='ltr'>id</span> <span class='ocrx_word' id='word_1_193' title='bbox 504 2043 556 2098; x_wconf 86' lang='lat' dir='ltr'>est.</span> <span class='ocrx_word' id='word_1_194' title='bbox 576 2045 607 2092; x_wconf 92' lang='lat' dir='ltr'>ut</span> <span class='ocrx_word' id='word_1_195' title='bbox 624 2042 753 2093; x_wconf 82' lang='lat' dir='ltr'>cbristus</span> <span class='ocrx_word' id='word_1_196' title='bbox 767 2043 944 2107; x_wconf 85' lang='lat' dir='ltr'>paucissimis</span> <span class='ocrx_word' id='word_1_197' title='bbox 961 2041 1176 2107; x_wconf 85' lang='lat' dir='ltr'>complectitur:</span> <span class='ocrx_word' id='word_1_198' title='bbox 1190 2040 1314 2107; x_wconf 89' lang='lat' dir='ltr'>diligere</span> <span class='ocrx_word' id='word_1_199' title='bbox 1325 2041 1401 2093; x_wconf 87' lang='lat' dir='ltr'>Deum</span> 
     </span>
     <span class='ocr_line' id='line_1_20' title="bbox 195 2121 1400 2191; baseline -0.005 -13"><span class='ocrx_word' id='word_1_200' title='bbox 195 2126 409 2191; x_wconf 76' lang='lat' dir='ltr'>etprox&#39;imum3</span> <span class='ocrx_word' id='word_1_201' title='bbox 431 2125 506 2188; x_wconf 91' lang='lat' dir='ltr'>quod</span> <span class='ocrx_word' id='word_1_202' title='bbox 518 2125 566 2188; x_wconf 94' lang='lat' dir='ltr'>qui</span> <span class='ocrx_word' id='word_1_203' title='bbox 584 2138 640 2175; x_wconf 94' lang='lat' dir='ltr'>non</span> <span class='ocrx_word' id='word_1_204' title='bbox 661 2125 738 2182; x_wconf 84' lang='lat' dir='ltr'>lacit,</span> <span class='ocrx_word' id='word_1_205' title='bbox 752 2139 804 2177; x_wconf 88' lang='lat' dir='ltr'>nec</span> <span class='ocrx_word' id='word_1_206' title='bbox 824 2126 908 2176; x_wconf 87' lang='lat' dir='ltr'>fldem</span> <span class='ocrx_word' id='word_1_207' title='bbox 926 2125 1021 2187; x_wconf 89' lang='lat' dir='ltr'>babet,</span> <span class='ocrx_word' id='word_1_208' title='bbox 1041 2138 1093 2175; x_wconf 90' lang='lat' dir='ltr'>nec</span> <span class='ocrx_word' id='word_1_209' title='bbox 1111 2121 1299 2189; x_wconf 80' lang='lat' dir='ltr'>Evangelium</span> <span class='ocrx_word' id='word_1_210' title='bbox 1319 2122 1400 2185; x_wconf 83' lang='lat' dir='ltr'>babet,</span> 
     </span>
     <span class='ocr_line' id='line_1_21' title="bbox 196 2205 1400 2272; baseline -0.006 -11"><span class='ocrx_word' id='word_1_211' title='bbox 196 2205 248 2261; x_wconf 87' lang='lat' dir='ltr'>uec</span> <span class='ocrx_word' id='word_1_212' title='bbox 259 2209 376 2260; x_wconf 90' lang='lat' dir='ltr'>verbum</span> <span class='ocrx_word' id='word_1_213' title='bbox 388 2208 502 2259; x_wconf 90' lang='lat' dir='ltr'>Domini</span> <span class='ocrx_word' id='word_1_214' title='bbox 513 2207 615 2259; x_wconf 88' lang='lat' dir='ltr'>habett</span> <span class='ocrx_word' id='word_1_215' title='bbox 628 2221 663 2259; x_wconf 89' lang='lat' dir='ltr'>au</span> <span class='ocrx_word' id='word_1_216' title='bbox 676 2210 840 2272; x_wconf 89' lang='lat' dir='ltr'>sumptuosa</span> <span class='ocrx_word' id='word_1_217' title='bbox 852 2206 966 2271; x_wconf 87' lang='lat' dir='ltr'>templa,</span> <span class='ocrx_word' id='word_1_218' title='bbox 979 2209 1098 2269; x_wconf 89' lang='lat' dir='ltr'>statuas,</span> <span class='ocrx_word' id='word_1_219' title='bbox 1114 2207 1254 2272; x_wconf 80' lang='lat' dir='ltr'>imagines</span> <span class='ocrx_word' id='word_1_220' title='bbox 1266 2205 1400 2258; x_wconf 85' lang='lat' dir='ltr'>extrueret</span> 
     </span>
     <span class='ocr_line' id='line_1_22' title="bbox 196 2286 1399 2356; baseline -0.005 -12"><span class='ocrx_word' id='word_1_221' title='bbox 196 2305 275 2356; x_wconf 92' lang='lat' dir='ltr'>auro,</span> <span class='ocrx_word' id='word_1_222' title='bbox 302 2292 421 2355; x_wconf 89' lang='lat' dir='ltr'>argento</span> <span class='ocrx_word' id='word_1_223' title='bbox 451 2290 585 2353; x_wconf 89' lang='lat' dir='ltr'>vesteque</span> <span class='ocrx_word' id='word_1_224' title='bbox 608 2291 739 2354; x_wconf 89' lang='lat' dir='ltr'>preciosa</span> <span class='ocrx_word' id='word_1_225' title='bbox 766 2289 916 2341; x_wconf 85' lang='lat' dir='ltr'>excoleret</span> <span class='ocrx_word' id='word_1_226' title='bbox 942 2291 985 2341; x_wconf 91' lang='lat' dir='ltr'>tot</span> <span class='ocrx_word' id='word_1_227' title='bbox 1019 2291 1178 2340; x_wconf 89' lang='lat' dir='ltr'>ociosorum</span> <span class='ocrx_word' id='word_1_228' title='bbox 1200 2288 1230 2339; x_wconf 91' lang='lat' dir='ltr'>et</span> <span class='ocrx_word' id='word_1_229' title='bbox 1258 2286 1399 2339; x_wconf 85' lang='lat' dir='ltr'>validorum</span> 
     </span>
     <span class='ocr_line' id='line_1_23' title="bbox 195 2368 1398 2438; baseline -0.004 -13"><span class='ocrx_word' id='word_1_230' title='bbox 195 2375 341 2425; x_wconf 90' lang='lat' dir='ltr'>hominum</span> <span class='ocrx_word' id='word_1_231' title='bbox 365 2386 469 2438; x_wconf 82' lang='lat' dir='ltr'>greges</span> <span class='ocrx_word' id='word_1_232' title='bbox 493 2373 523 2424; x_wconf 90' lang='lat' dir='ltr'>et</span> <span class='ocrx_word' id='word_1_233' title='bbox 539 2373 667 2423; x_wconf 88' lang='lat' dir='ltr'>armenta</span> <span class='ocrx_word' id='word_1_234' title='bbox 684 2372 783 2423; x_wconf 87' lang='lat' dir='ltr'>aleret</span> <span class='ocrx_word' id='word_1_235' title='bbox 801 2373 843 2422; x_wconf 89' lang='lat' dir='ltr'>tot</span> <span class='ocrx_word' id='word_1_236' title='bbox 859 2386 958 2424; x_wconf 88' lang='lat' dir='ltr'>cereos</span> <span class='ocrx_word' id='word_1_237' title='bbox 981 2373 1011 2423; x_wconf 90' lang='lat' dir='ltr'>et</span> <span class='ocrx_word' id='word_1_238' title='bbox 1030 2371 1183 2435; x_wconf 90' lang='lat' dir='ltr'>lampades,</span> <span class='ocrx_word' id='word_1_239' title='bbox 1209 2369 1272 2422; x_wconf 88' lang='lat' dir='ltr'>sole</span> <span class='ocrx_word' id='word_1_240' title='bbox 1292 2368 1398 2430; x_wconf 88' lang='lat' dir='ltr'>lucente,</span> 
     </span>
     <span class='ocr_line' id='line_1_24' title="bbox 194 2450 1399 2518; baseline -0.006 -11"><span class='ocrx_word' id='word_1_241' title='bbox 194 2458 303 2508; x_wconf 83' lang='lat' dir='ltr'>trustra</span> <span class='ocrx_word' id='word_1_242' title='bbox 324 2455 498 2507; x_wconf 85' lang='lat' dir='ltr'>accenderet</span> <span class='ocrx_word' id='word_1_243' title='bbox 518 2455 553 2506; x_wconf 91' lang='lat' dir='ltr'>ad</span> <span class='ocrx_word' id='word_1_244' title='bbox 581 2456 689 2505; x_wconf 87' lang='lat' dir='ltr'>statuas</span> <span class='ocrx_word' id='word_1_245' title='bbox 711 2455 918 2518; x_wconf 83' lang='lat' dir='ltr'>procumberet</span> <span class='ocrx_word' id='word_1_246' title='bbox 937 2455 1045 2506; x_wconf 90' lang='lat' dir='ltr'>circum</span> <span class='ocrx_word' id='word_1_247' title='bbox 1068 2452 1173 2517; x_wconf 90' lang='lat' dir='ltr'>templa</span> <span class='ocrx_word' id='word_1_248' title='bbox 1192 2453 1351 2505; x_wconf 87' lang='lat' dir='ltr'>oberraret</span> <span class='ocrx_word' id='word_1_249' title='bbox 1370 2450 1399 2502; x_wconf 87' lang='lat' dir='ltr'>tot</span> 
     </span>
     <span class='ocr_line' id='line_1_25' title="bbox 195 2532 1399 2600; baseline -0.006 -11"><span class='ocrx_word' id='word_1_250' title='bbox 195 2538 314 2600; x_wconf 90' lang='lat' dir='ltr'>rosaria,</span> <span class='ocrx_word' id='word_1_251' title='bbox 334 2539 376 2588; x_wconf 91' lang='lat' dir='ltr'>tot</span> <span class='ocrx_word' id='word_1_252' title='bbox 391 2537 517 2596; x_wconf 91' lang='lat' dir='ltr'>donaria,</span> <span class='ocrx_word' id='word_1_253' title='bbox 539 2539 581 2588; x_wconf 91' lang='lat' dir='ltr'>tot</span> <span class='ocrx_word' id='word_1_254' title='bbox 598 2538 760 2587; x_wconf 88' lang='lat' dir='ltr'>numeratas</span> <span class='ocrx_word' id='word_1_255' title='bbox 787 2537 916 2600; x_wconf 89' lang='lat' dir='ltr'>preculas</span> <span class='ocrx_word' id='word_1_256' title='bbox 931 2537 1164 2588; x_wconf 85' lang='lat' dir='ltr'>obmurmuraret</span> <span class='ocrx_word' id='word_1_257' title='bbox 1188 2537 1231 2586; x_wconf 90' lang='lat' dir='ltr'>tot</span> <span class='ocrx_word' id='word_1_258' title='bbox 1250 2536 1352 2594; x_wconf 88' lang='lat' dir='ltr'>missis,</span> <span class='ocrx_word' id='word_1_259' title='bbox 1368 2532 1399 2584; x_wconf 88' lang='lat' dir='ltr'>tot</span> 
     </span>
     <span class='ocr_line' id='line_1_26' title="bbox 195 2616 1398 2684; baseline -0.007 -12"><span class='ocrx_word' id='word_1_260' title='bbox 195 2621 275 2672; x_wconf 87' lang='lat' dir='ltr'>horis</span> <span class='ocrx_word' id='word_1_261' title='bbox 296 2619 448 2677; x_wconf 86' lang='lat' dir='ltr'>canonicis,</span> <span class='ocrx_word' id='word_1_262' title='bbox 467 2621 509 2669; x_wconf 94' lang='lat' dir='ltr'>tot</span> <span class='ocrx_word' id='word_1_263' title='bbox 525 2618 631 2684; x_wconf 84' lang='lat' dir='ltr'>vigilijs</span> <span class='ocrx_word' id='word_1_264' title='bbox 649 2620 775 2670; x_wconf 90' lang='lat' dir='ltr'>ociosum</span> <span class='ocrx_word' id='word_1_265' title='bbox 792 2619 951 2672; x_wconf 79' lang='lat' dir='ltr'>interesset</span> <span class='ocrx_word' id='word_1_266' title='bbox 968 2619 1022 2670; x_wconf 91' lang='lat' dir='ltr'>hoc</span> <span class='ocrx_word' id='word_1_267' title='bbox 1044 2617 1089 2670; x_wconf 90' lang='lat' dir='ltr'>vel</span> <span class='ocrx_word' id='word_1_268' title='bbox 1112 2617 1166 2668; x_wconf 88' lang='lat' dir='ltr'>hoc</span> <span class='ocrx_word' id='word_1_269' title='bbox 1188 2619 1274 2669; x_wconf 91' lang='lat' dir='ltr'>modo</span> <span class='ocrx_word' id='word_1_270' title='bbox 1296 2616 1398 2670; x_wconf 75' lang='lat' dir='ltr'>vestini</span> 
     </span>
     <span class='ocr_line' id='line_1_27' title="bbox 195 2699 1399 2766; baseline -0.006 -12"><span class='ocrx_word' id='word_1_271' title='bbox 195 2703 251 2755; x_wconf 88' lang='lat' dir='ltr'>hoc</span> <span class='ocrx_word' id='word_1_272' title='bbox 262 2702 307 2756; x_wconf 88' lang='lat' dir='ltr'>vel</span> <span class='ocrx_word' id='word_1_273' title='bbox 318 2702 368 2754; x_wconf 91' lang='lat' dir='ltr'>illo</span> <span class='ocrx_word' id='word_1_274' title='bbox 380 2702 443 2754; x_wconf 92' lang='lat' dir='ltr'>cibo</span> <span class='ocrx_word' id='word_1_275' title='bbox 461 2703 553 2766; x_wconf 89' lang='lat' dir='ltr'>pascit</span> <span class='ocrx_word' id='word_1_276' title='bbox 565 2704 673 2752; x_wconf 91' lang='lat' dir='ltr'>tantum</span> <span class='ocrx_word' id='word_1_277' title='bbox 691 2702 831 2754; x_wconf 89' lang='lat' dir='ltr'>dormiret</span> <span class='ocrx_word' id='word_1_278' title='bbox 844 2704 952 2752; x_wconf 89' lang='lat' dir='ltr'>tantum</span> <span class='ocrx_word' id='word_1_279' title='bbox 971 2701 1108 2754; x_wconf 89' lang='lat' dir='ltr'>sterteret</span> <span class='ocrx_word' id='word_1_280' title='bbox 1120 2701 1229 2751; x_wconf 89' lang='lat' dir='ltr'>tantum</span> <span class='ocrx_word' id='word_1_281' title='bbox 1242 2699 1399 2766; x_wconf 83' lang='lat' dir='ltr'>vigilarelet</span> 
     </span>
     <span class='ocr_line' id='line_1_28' title="bbox 196 2779 1397 2851; baseline -0.004 -14"><span class='ocrx_word' id='word_1_282' title='bbox 196 2786 264 2851; x_wconf 92' lang='lat' dir='ltr'>quid</span> <span class='ocrx_word' id='word_1_283' title='bbox 284 2785 384 2837; x_wconf 92' lang='lat' dir='ltr'>harum</span> <span class='ocrx_word' id='word_1_284' title='bbox 400 2798 496 2836; x_wconf 88' lang='lat' dir='ltr'>rerum</span> <span class='ocrx_word' id='word_1_285' title='bbox 515 2798 571 2834; x_wconf 91' lang='lat' dir='ltr'>non</span> <span class='ocrx_word' id='word_1_286' title='bbox 588 2786 702 2836; x_wconf 84' lang='lat' dir='ltr'>iaceret</span> <span class='ocrx_word' id='word_1_287' title='bbox 720 2784 749 2836; x_wconf 88' lang='lat' dir='ltr'>Si</span> <span class='ocrx_word' id='word_1_288' title='bbox 762 2784 832 2836; x_wconf 89' lang='lat' dir='ltr'>haec</span> <span class='ocrx_word' id='word_1_289' title='bbox 852 2785 927 2835; x_wconf 92' lang='lat' dir='ltr'>bona</span> <span class='ocrx_word' id='word_1_290' title='bbox 944 2797 1032 2848; x_wconf 91' lang='lat' dir='ltr'>opera</span> <span class='ocrx_word' id='word_1_291' title='bbox 1043 2783 1147 2845; x_wconf 75' lang='lat' dir='ltr'>dicunt,</span> <span class='ocrx_word' id='word_1_292' title='bbox 1163 2781 1274 2834; x_wconf 83' lang='lat' dir='ltr'>toelices</span> <span class='ocrx_word' id='word_1_293' title='bbox 1287 2796 1348 2848; x_wconf 85' lang='lat' dir='ltr'>nos,</span> <span class='ocrx_word' id='word_1_294' title='bbox 1358 2779 1397 2833; x_wconf 82' lang='lat' dir='ltr'>bd</span> 
     </span>
     <span class='ocr_line' id='line_1_29' title="bbox 195 2862 1398 2937; baseline -0.006 -17"><span class='ocrx_word' id='word_1_295' title='bbox 195 2868 297 2937; x_wconf 89' lang='lat' dir='ltr'>gratia,</span> <span class='ocrx_word' id='word_1_296' title='bbox 311 2867 478 2928; x_wconf 90' lang='lat' dir='ltr'>iudicamus,</span> <span class='ocrx_word' id='word_1_297' title='bbox 490 2867 565 2930; x_wconf 89' lang='lat' dir='ltr'>quod</span> <span class='ocrx_word' id='word_1_298' title='bbox 582 2866 744 2918; x_wconf 88' lang='lat' dir='ltr'>huiusmodi</span> <span class='ocrx_word' id='word_1_299' title='bbox 757 2880 844 2931; x_wconf 90' lang='lat' dir='ltr'>opera</span> <span class='ocrx_word' id='word_1_300' title='bbox 854 2867 885 2917; x_wconf 89' lang='lat' dir='ltr'>in</span> <span class='ocrx_word' id='word_1_301' title='bbox 897 2867 978 2917; x_wconf 89' lang='lat' dir='ltr'>nobis</span> <span class='ocrx_word' id='word_1_302' title='bbox 991 2879 1045 2916; x_wconf 91' lang='lat' dir='ltr'>non</span> <span class='ocrx_word' id='word_1_303' title='bbox 1057 2865 1214 2917; x_wconf 87' lang='lat' dir='ltr'>inveniunt.</span> <span class='ocrx_word' id='word_1_304' title='bbox 1227 2864 1258 2916; x_wconf 89' lang='lat' dir='ltr'>Si</span> <span class='ocrx_word' id='word_1_305' title='bbox 1269 2878 1336 2917; x_wconf 88' lang='lat' dir='ltr'>vero</span> <span class='ocrx_word' id='word_1_306' title='bbox 1352 2862 1398 2922; x_wconf 88' lang='lat' dir='ltr'>illa,</span> 
     </span>
     <span class='ocr_line' id='line_1_30' title="bbox 196 2945 1399 3016; baseline -0.005 -13"><span class='ocrx_word' id='word_1_307' title='bbox 196 2965 268 3016; x_wconf 92' lang='lat' dir='ltr'>quae</span> <span class='ocrx_word' id='word_1_308' title='bbox 280 2963 367 3015; x_wconf 89' lang='lat' dir='ltr'>supra</span> <span class='ocrx_word' id='word_1_309' title='bbox 378 2949 510 3012; x_wconf 85' lang='lat' dir='ltr'>diximus,</span> <span class='ocrx_word' id='word_1_310' title='bbox 529 2949 657 3002; x_wconf 89' lang='lat' dir='ltr'>dolemus</span> <span class='ocrx_word' id='word_1_311' title='bbox 669 2951 698 3001; x_wconf 90' lang='lat' dir='ltr'>et</span> <span class='ocrx_word' id='word_1_312' title='bbox 709 2949 929 3014; x_wconf 85' lang='lat' dir='ltr'>ingemiscimus,</span> <span class='ocrx_word' id='word_1_313' title='bbox 939 2948 1014 3010; x_wconf 95' lang='lat' dir='ltr'>quod</span> <span class='ocrx_word' id='word_1_314' title='bbox 1031 2947 1102 2999; x_wconf 90' lang='lat' dir='ltr'>tales</span> <span class='ocrx_word' id='word_1_315' title='bbox 1122 2962 1178 2998; x_wconf 93' lang='lat' dir='ltr'>non</span> <span class='ocrx_word' id='word_1_316' title='bbox 1191 2962 1299 3015; x_wconf 86' lang='lat' dir='ltr'>sumus,</span> <span class='ocrx_word' id='word_1_317' title='bbox 1317 2945 1399 3011; x_wconf 80' lang='lat' dir='ltr'>qudes</span> 
     </span>
     <span class='ocr_line' id='line_1_31' title="bbox 196 3030 1399 3086; baseline -0.005 0"><span class='ocrx_word' id='word_1_318' title='bbox 196 3049 247 3086; x_wconf 89' lang='lat' dir='ltr'>nos</span> <span class='ocrx_word' id='word_1_319' title='bbox 257 3046 319 3086; x_wconf 87' lang='lat' dir='ltr'>esse</span> <span class='ocrx_word' id='word_1_320' title='bbox 329 3032 457 3086; x_wconf 85' lang='lat' dir='ltr'>Christus</span> <span class='ocrx_word' id='word_1_321' title='bbox 466 3032 558 3083; x_wconf 89' lang='lat' dir='ltr'>iussit.</span> <span class='ocrx_word' id='word_1_322' title='bbox 571 3031 691 3084; x_wconf 91' lang='lat' dir='ltr'>Oramus</span> <span class='ocrx_word' id='word_1_323' title='bbox 703 3031 886 3082; x_wconf 89' lang='lat' dir='ltr'>nihilominus</span> <span class='ocrx_word' id='word_1_324' title='bbox 895 3031 1006 3082; x_wconf 90' lang='lat' dir='ltr'>assidue</span> <span class='ocrx_word' id='word_1_325' title='bbox 1015 3030 1312 3081; x_wconf 88' lang='lat' dir='ltr'>misericordissimum</span> <span class='ocrx_word' id='word_1_326' title='bbox 1324 3030 1399 3081; x_wconf 63' lang='lat' dir='ltr'>mum</span> 
     </span>
     <span class='ocr_line' id='line_1_32' title="bbox 195 3111 1400 3181; baseline -0.006 -13"><span class='ocrx_word' id='word_1_327' title='bbox 195 3118 224 3169; x_wconf 90' lang='lat' dir='ltr'>et</span> <span class='ocrx_word' id='word_1_328' title='bbox 241 3117 350 3181; x_wconf 83' lang='lat' dir='ltr'>patrem</span> <span class='ocrx_word' id='word_1_329' title='bbox 363 3116 491 3167; x_wconf 89' lang='lat' dir='ltr'>nostrum</span> <span class='ocrx_word' id='word_1_330' title='bbox 508 3114 752 3180; x_wconf 89' lang='lat' dir='ltr'>benignissimum,</span> <span class='ocrx_word' id='word_1_331' title='bbox 766 3115 798 3164; x_wconf 88' lang='lat' dir='ltr'>ut</span> <span class='ocrx_word' id='word_1_332' title='bbox 808 3114 885 3164; x_wconf 89' lang='lat' dir='ltr'>inter</span> <span class='ocrx_word' id='word_1_333' title='bbox 902 3126 978 3171; x_wconf 90' lang='lat' dir='ltr'>oves,</span> <span class='ocrx_word' id='word_1_334' title='bbox 995 3125 1066 3176; x_wconf 91' lang='lat' dir='ltr'>quae</span> <span class='ocrx_word' id='word_1_335' title='bbox 1085 3113 1221 3164; x_wconf 85' lang='lat' dir='ltr'>adextris</span> <span class='ocrx_word' id='word_1_336' title='bbox 1233 3111 1400 3163; x_wconf 82' lang='lat' dir='ltr'>collocandae</span> 
     </span>
     <span class='ocr_line' id='line_1_33' title="bbox 196 3191 1401 3259; baseline -0.005 -9"><span class='ocrx_word' id='word_1_337' title='bbox 196 3199 262 3250; x_wconf 88' lang='lat' dir='ltr'>sunt</span> <span class='ocrx_word' id='word_1_338' title='bbox 273 3211 290 3249; x_wconf 89' lang='lat' dir='ltr'>a</span> <span class='ocrx_word' id='word_1_339' title='bbox 301 3197 413 3249; x_wconf 87' lang='lat' dir='ltr'>Christo</span> <span class='ocrx_word' id='word_1_340' title='bbox 431 3199 461 3248; x_wconf 92' lang='lat' dir='ltr'>in</span> <span class='ocrx_word' id='word_1_341' title='bbox 473 3198 600 3248; x_wconf 89' lang='lat' dir='ltr'>extremo</span> <span class='ocrx_word' id='word_1_342' title='bbox 616 3195 666 3247; x_wconf 93' lang='lat' dir='ltr'>illo</span> <span class='ocrx_word' id='word_1_343' title='bbox 686 3196 781 3259; x_wconf 90' lang='lat' dir='ltr'>iudiclj</span> <span class='ocrx_word' id='word_1_344' title='bbox 795 3197 850 3255; x_wconf 87' lang='lat' dir='ltr'>die,</span> <span class='ocrx_word' id='word_1_345' title='bbox 869 3195 1054 3247; x_wconf 87' lang='lat' dir='ltr'>inveniamur.</span> <span class='ocrx_word' id='word_1_346' title='bbox 1067 3194 1173 3246; x_wconf 89' lang='lat' dir='ltr'>Verum</span> <span class='ocrx_word' id='word_1_347' title='bbox 1192 3194 1223 3245; x_wconf 94' lang='lat' dir='ltr'>id</span> <span class='ocrx_word' id='word_1_348' title='bbox 1234 3196 1314 3245; x_wconf 89' lang='lat' dir='ltr'>certo</span> <span class='ocrx_word' id='word_1_349' title='bbox 1325 3191 1401 3245; x_wconf 82' lang='lat' dir='ltr'>sciam</span> 
     </span>
     <span class='ocr_line' id='line_1_34' title="bbox 196 3275 1402 3345; baseline -0.007 -12"><span class='ocrx_word' id='word_1_350' title='bbox 196 3281 349 3344; x_wconf 71' lang='lat' dir='ltr'>adversarii</span> <span class='ocrx_word' id='word_1_351' title='bbox 363 3280 453 3330; x_wconf 90' lang='lat' dir='ltr'>nostri</span> <span class='ocrx_word' id='word_1_352' title='bbox 465 3278 599 3345; x_wconf 92' lang='lat' dir='ltr'>pusillum</span> <span class='ocrx_word' id='word_1_353' title='bbox 617 3293 679 3330; x_wconf 88' lang='lat' dir='ltr'>esse</span> <span class='ocrx_word' id='word_1_354' title='bbox 691 3281 810 3342; x_wconf 77' lang='lat' dir='ltr'>roreque</span> <span class='ocrx_word' id='word_1_355' title='bbox 830 3291 942 3344; x_wconf 89' lang='lat' dir='ltr'>semper</span> <span class='ocrx_word' id='word_1_356' title='bbox 959 3290 1077 3343; x_wconf 89' lang='lat' dir='ltr'>gregem</span> <span class='ocrx_word' id='word_1_357' title='bbox 1095 3275 1210 3335; x_wconf 84' lang='lat' dir='ltr'>Christi,</span> <span class='ocrx_word' id='word_1_358' title='bbox 1229 3276 1338 3329; x_wconf 86' lang='lat' dir='ltr'>relictis</span> <span class='ocrx_word' id='word_1_359' title='bbox 1356 3275 1402 3335; x_wconf 78' lang='lat' dir='ltr'>liic,</span> 
     </span>
     <span class='ocr_line' id='line_1_35' title="bbox 196 3360 906 3429; baseline -0.008 -13"><span class='ocrx_word' id='word_1_360' title='bbox 196 3360 409 3429; x_wconf 87' lang='lat' dir='ltr'>illustriss[ime]</span> <span class='ocrx_word' id='word_1_361' title='bbox 422 3361 564 3426; x_wconf 89' lang='lat' dir='ltr'>princeps,</span> <span class='ocrx_word' id='word_1_362' title='bbox 585 3362 713 3412; x_wconf 90' lang='lat' dir='ltr'>veritatis</span> <span class='ocrx_word' id='word_1_363' title='bbox 728 3361 906 3424; x_wconf 83' lang='lat' dir='ltr'>adversarljs.</span> 
     </span>
    </p>

    <p class='ocr_par' dir='ltr' id='par_1_3' title="bbox 196 3440 1424 4502">
     <span class='ocr_line' id='line_1_36' title="bbox 226 3440 1405 3509; baseline -0.006 -11"><span class='ocrx_word' id='word_1_364' title='bbox 226 3447 291 3498; x_wconf 75' lang='lat' dir='ltr'>dam</span> <span class='ocrx_word' id='word_1_365' title='bbox 303 3445 380 3509; x_wconf 90' lang='lat' dir='ltr'>quod</span> <span class='ocrx_word' id='word_1_366' title='bbox 396 3445 430 3496; x_wconf 90' lang='lat' dir='ltr'>de</span> <span class='ocrx_word' id='word_1_367' title='bbox 448 3444 536 3495; x_wconf 86' lang='lat' dir='ltr'>sacris</span> <span class='ocrx_word' id='word_1_368' title='bbox 556 3445 647 3496; x_wconf 92' lang='lat' dir='ltr'>literis</span> <span class='ocrx_word' id='word_1_369' title='bbox 665 3444 761 3495; x_wconf 91' lang='lat' dir='ltr'>dicere</span> <span class='ocrx_word' id='word_1_370' title='bbox 773 3443 926 3507; x_wconf 89' lang='lat' dir='ltr'>coepimus,</span> <span class='ocrx_word' id='word_1_371' title='bbox 942 3454 1166 3507; x_wconf 85' lang='lat' dir='ltr'>persequamur:</span> <span class='ocrx_word' id='word_1_372' title='bbox 1185 3440 1240 3493; x_wconf 88' lang='lat' dir='ltr'>hae</span> <span class='ocrx_word' id='word_1_373' title='bbox 1257 3443 1405 3505; x_wconf 84' lang='lat' dir='ltr'>sunt,quae</span> 
     </span>
     <span class='ocr_line' id='line_1_37' title="bbox 196 3524 1406 3590; baseline -0.003 -9"><span class='ocrx_word' id='word_1_374' title='bbox 196 3529 307 3581; x_wconf 86' lang='lat' dir='ltr'>abunde</span> <span class='ocrx_word' id='word_1_375' title='bbox 319 3541 370 3578; x_wconf 91' lang='lat' dir='ltr'>nos</span> <span class='ocrx_word' id='word_1_376' title='bbox 387 3528 489 3578; x_wconf 90' lang='lat' dir='ltr'>docent</span> <span class='ocrx_word' id='word_1_377' title='bbox 502 3527 651 3590; x_wconf 87' lang='lat' dir='ltr'>quomodo,</span> <span class='ocrx_word' id='word_1_378' title='bbox 666 3527 799 3589; x_wconf 89' lang='lat' dir='ltr'>quamdiu</span> <span class='ocrx_word' id='word_1_379' title='bbox 811 3526 840 3576; x_wconf 92' lang='lat' dir='ltr'>in</span> <span class='ocrx_word' id='word_1_380' title='bbox 850 3524 904 3576; x_wconf 93' lang='lat' dir='ltr'>hoc</span> <span class='ocrx_word' id='word_1_381' title='bbox 913 3524 1007 3577; x_wconf 89' lang='lat' dir='ltr'>seculo</span> <span class='ocrx_word' id='word_1_382' title='bbox 1019 3537 1174 3585; x_wconf 87' lang='lat' dir='ltr'>versamur,</span> <span class='ocrx_word' id='word_1_383' title='bbox 1187 3525 1216 3576; x_wconf 92' lang='lat' dir='ltr'>in</span> <span class='ocrx_word' id='word_1_384' title='bbox 1229 3525 1406 3584; x_wconf 81' lang='lat' dir='ltr'>ommatium,</span> 
     </span>
     <span class='ocr_line' id='line_1_38' title="bbox 197 3606 1407 3672; baseline -0.006 -9"><span class='ocrx_word' id='word_1_385' title='bbox 197 3613 228 3663; x_wconf 91' lang='lat' dir='ltr'>ut</span> <span class='ocrx_word' id='word_1_386' title='bbox 245 3611 357 3670; x_wconf 91' lang='lat' dir='ltr'>dicitur,</span> <span class='ocrx_word' id='word_1_387' title='bbox 377 3611 451 3660; x_wconf 88' lang='lat' dir='ltr'>statu</span> <span class='ocrx_word' id='word_1_388' title='bbox 469 3609 563 3660; x_wconf 88' lang='lat' dir='ltr'>vivere</span> <span class='ocrx_word' id='word_1_389' title='bbox 581 3609 741 3666; x_wconf 87' lang='lat' dir='ltr'>debeamus,</span> <span class='ocrx_word' id='word_1_390' title='bbox 766 3608 819 3660; x_wconf 90' lang='lat' dir='ltr'>hae</span> <span class='ocrx_word' id='word_1_391' title='bbox 845 3609 911 3658; x_wconf 88' lang='lat' dir='ltr'>sunt</span> <span class='ocrx_word' id='word_1_392' title='bbox 927 3607 1144 3672; x_wconf 87' lang='lat' dir='ltr'>praedicandae,</span> <span class='ocrx_word' id='word_1_393' title='bbox 1168 3607 1200 3657; x_wconf 93' lang='lat' dir='ltr'>ut</span> <span class='ocrx_word' id='word_1_394' title='bbox 1214 3606 1304 3658; x_wconf 90' lang='lat' dir='ltr'>semel</span> <span class='ocrx_word' id='word_1_395' title='bbox 1331 3608 1407 3671; x_wconf 89' lang='lat' dir='ltr'>atque</span> 
     </span>
     <span class='ocr_line' id='line_1_39' title="bbox 196 3687 1410 3754; baseline -0.005 -8"><span class='ocrx_word' id='word_1_396' title='bbox 196 3696 302 3746; x_wconf 91' lang='lat' dir='ltr'>iterum</span> <span class='ocrx_word' id='word_1_397' title='bbox 321 3692 453 3751; x_wconf 88' lang='lat' dir='ltr'>diximus,</span> <span class='ocrx_word' id='word_1_398' title='bbox 474 3691 528 3743; x_wconf 90' lang='lat' dir='ltr'>hae</span> <span class='ocrx_word' id='word_1_399' title='bbox 554 3691 720 3749; x_wconf 90' lang='lat' dir='ltr'>audiendae,</span> <span class='ocrx_word' id='word_1_400' title='bbox 743 3691 796 3742; x_wconf 88' lang='lat' dir='ltr'>hae</span> <span class='ocrx_word' id='word_1_401' title='bbox 815 3690 1005 3742; x_wconf 86' lang='lat' dir='ltr'>decantandae</span> <span class='ocrx_word' id='word_1_402' title='bbox 1028 3691 1058 3740; x_wconf 92' lang='lat' dir='ltr'>et</span> <span class='ocrx_word' id='word_1_403' title='bbox 1080 3689 1184 3754; x_wconf 89' lang='lat' dir='ltr'>spiritu</span> <span class='ocrx_word' id='word_1_404' title='bbox 1205 3689 1235 3741; x_wconf 92' lang='lat' dir='ltr'>ct</span> <span class='ocrx_word' id='word_1_405' title='bbox 1254 3690 1360 3750; x_wconf 88' lang='lat' dir='ltr'>mente,</span> <span class='ocrx_word' id='word_1_406' title='bbox 1379 3687 1410 3740; x_wconf 90' lang='lat' dir='ltr'>ad</span> 
     </span>
     <span class='ocr_line' id='line_1_40' title="bbox 198 3771 1411 3843; baseline -0.007 -13"><span class='ocrx_word' id='word_1_407' title='bbox 198 3778 299 3830; x_wconf 89' lang='lat' dir='ltr'>harum</span> <span class='ocrx_word' id='word_1_408' title='bbox 315 3775 530 3843; x_wconf 89' lang='lat' dir='ltr'>praescriptum,</span> <span class='ocrx_word' id='word_1_409' title='bbox 548 3775 635 3826; x_wconf 87' lang='lat' dir='ltr'>totius</span> <span class='ocrx_word' id='word_1_410' title='bbox 662 3774 737 3825; x_wconf 89' lang='lat' dir='ltr'>vitae</span> <span class='ocrx_word' id='word_1_411' title='bbox 766 3775 878 3824; x_wconf 91' lang='lat' dir='ltr'>nostrae</span> <span class='ocrx_word' id='word_1_412' title='bbox 896 3775 978 3824; x_wconf 90' lang='lat' dir='ltr'>tenor</span> <span class='ocrx_word' id='word_1_413' title='bbox 1003 3771 1169 3838; x_wconf 86' lang='lat' dir='ltr'>exigendus.</span> <span class='ocrx_word' id='word_1_414' title='bbox 1197 3771 1297 3835; x_wconf 89' lang='lat' dir='ltr'>Neque</span> <span class='ocrx_word' id='word_1_415' title='bbox 1320 3771 1411 3838; x_wconf 86' lang='lat' dir='ltr'>magui</span> 
     </span>
     <span class='ocr_line' id='line_1_41' title="bbox 198 3854 1412 3925; baseline -0.004 -14"><span class='ocrx_word' id='word_1_416' title='bbox 198 3859 374 3925; x_wconf 88' lang='lat' dir='ltr'>quorundam</span> <span class='ocrx_word' id='word_1_417' title='bbox 386 3857 471 3917; x_wconf 87' lang='lat' dir='ltr'>tituli,</span> <span class='ocrx_word' id='word_1_418' title='bbox 484 3869 604 3922; x_wconf 87' lang='lat' dir='ltr'>magnus</span> <span class='ocrx_word' id='word_1_419' title='bbox 614 3857 800 3921; x_wconf 83' lang='lat' dir='ltr'>principatus.</span> <span class='ocrx_word' id='word_1_420' title='bbox 812 3869 916 3922; x_wconf 89' lang='lat' dir='ltr'>magna</span> <span class='ocrx_word' id='word_1_421' title='bbox 927 3855 1055 3920; x_wconf 85' lang='lat' dir='ltr'>tyrannis</span> <span class='ocrx_word' id='word_1_422' title='bbox 1069 3854 1149 3906; x_wconf 90' lang='lat' dir='ltr'>nobis</span> <span class='ocrx_word' id='word_1_423' title='bbox 1161 3854 1311 3918; x_wconf 85' lang='lat' dir='ltr'>imponere</span> <span class='ocrx_word' id='word_1_424' title='bbox 1323 3854 1412 3915; x_wconf 88' lang='lat' dir='ltr'>debet,</span> 
     </span>
     <span class='ocr_line' id='line_1_42' title="bbox 198 3937 1415 4005; baseline -0.003 -9"><span class='ocrx_word' id='word_1_425' title='bbox 198 3945 239 4004; x_wconf 87' lang='lat' dir='ltr'>ut,</span> <span class='ocrx_word' id='word_1_426' title='bbox 254 3941 355 3994; x_wconf 88' lang='lat' dir='ltr'>relicto</span> <span class='ocrx_word' id='word_1_427' title='bbox 373 3940 494 4005; x_wconf 87' lang='lat' dir='ltr'>Christo,</span> <span class='ocrx_word' id='word_1_428' title='bbox 518 3940 565 4003; x_wconf 91' lang='lat' dir='ltr'>qui</span> <span class='ocrx_word' id='word_1_429' title='bbox 583 3941 627 3991; x_wconf 89' lang='lat' dir='ltr'>est</span> <span class='ocrx_word' id='word_1_430' title='bbox 643 3940 698 3998; x_wconf 87' lang='lat' dir='ltr'>via,</span> <span class='ocrx_word' id='word_1_431' title='bbox 717 3939 821 3990; x_wconf 73' lang='lat' dir='ltr'>ventas</span> <span class='ocrx_word' id='word_1_432' title='bbox 835 3941 865 3990; x_wconf 90' lang='lat' dir='ltr'>et</span> <span class='ocrx_word' id='word_1_433' title='bbox 882 3938 947 3996; x_wconf 85' lang='lat' dir='ltr'>vita.</span> <span class='ocrx_word' id='word_1_434' title='bbox 965 3938 995 3989; x_wconf 88' lang='lat' dir='ltr'>in</span> <span class='ocrx_word' id='word_1_435' title='bbox 1014 3950 1112 3990; x_wconf 90' lang='lat' dir='ltr'>eorum</span> <span class='ocrx_word' id='word_1_436' title='bbox 1134 3937 1291 3990; x_wconf 89' lang='lat' dir='ltr'>sententias</span> <span class='ocrx_word' id='word_1_437' title='bbox 1309 3952 1415 4003; x_wconf 88' lang='lat' dir='ltr'>eamus,</span> 
     </span>
     <span class='ocr_line' id='line_1_43' title="bbox 197 4018 1417 4088; baseline -0.003 -10"><span class='ocrx_word' id='word_1_438' title='bbox 197 4026 340 4088; x_wconf 88' lang='lat' dir='ltr'>latamque</span> <span class='ocrx_word' id='word_1_439' title='bbox 368 4023 451 4085; x_wconf 92' lang='lat' dir='ltr'>viam,</span> <span class='ocrx_word' id='word_1_440' title='bbox 481 4035 552 4086; x_wconf 89' lang='lat' dir='ltr'>quae</span> <span class='ocrx_word' id='word_1_441' title='bbox 582 4022 659 4072; x_wconf 88' lang='lat' dir='ltr'>ducit</span> <span class='ocrx_word' id='word_1_442' title='bbox 675 4021 710 4072; x_wconf 93' lang='lat' dir='ltr'>ad</span> <span class='ocrx_word' id='word_1_443' title='bbox 729 4022 858 4081; x_wconf 89' lang='lat' dir='ltr'>mortem,</span> <span class='ocrx_word' id='word_1_444' title='bbox 879 4019 1084 4084; x_wconf 89' lang='lat' dir='ltr'>ingrediamur.</span> <span class='ocrx_word' id='word_1_445' title='bbox 1113 4018 1151 4070; x_wconf 86' lang='lat' dir='ltr'>Hi</span> <span class='ocrx_word' id='word_1_446' title='bbox 1174 4019 1241 4070; x_wconf 88' lang='lat' dir='ltr'>sunt</span> <span class='ocrx_word' id='word_1_447' title='bbox 1263 4020 1353 4085; x_wconf 87' lang='lat' dir='ltr'>euim,</span> <span class='ocrx_word' id='word_1_448' title='bbox 1371 4021 1417 4086; x_wconf 91' lang='lat' dir='ltr'>qui</span> 
     </span>
     <span class='ocr_line' id='line_1_44' title="bbox 198 4101 1419 4169; baseline -0.004 -9"><span class='ocrx_word' id='word_1_449' title='bbox 198 4107 345 4161; x_wconf 88' lang='lat' dir='ltr'>clamitant</span> <span class='ocrx_word' id='word_1_450' title='bbox 361 4119 424 4158; x_wconf 88' lang='lat' dir='ltr'>sese</span> <span class='ocrx_word' id='word_1_451' title='bbox 442 4105 533 4157; x_wconf 91' lang='lat' dir='ltr'>aDeo</span> <span class='ocrx_word' id='word_1_452' title='bbox 553 4104 731 4164; x_wconf 86' lang='lat' dir='ltr'>constitutos,</span> <span class='ocrx_word' id='word_1_453' title='bbox 750 4103 890 4160; x_wconf 86' lang='lat' dir='ltr'>doctores,</span> <span class='ocrx_word' id='word_1_454' title='bbox 911 4103 1048 4160; x_wconf 89' lang='lat' dir='ltr'>rectores,</span> <span class='ocrx_word' id='word_1_455' title='bbox 1066 4101 1238 4161; x_wconf 85' lang='lat' dir='ltr'>sacerdotes,</span> <span class='ocrx_word' id='word_1_456' title='bbox 1258 4102 1419 4169; x_wconf 86' lang='lat' dir='ltr'>episcopos,</span> 
     </span>
     <span class='ocr_line' id='line_1_45' title="bbox 196 4183 1420 4258; baseline -0.006 -14"><span class='ocrx_word' id='word_1_457' title='bbox 196 4192 355 4258; x_wconf 82' lang='lat' dir='ltr'>pontifices,</span> <span class='ocrx_word' id='word_1_458' title='bbox 365 4189 422 4240; x_wconf 89' lang='lat' dir='ltr'>imo</span> <span class='ocrx_word' id='word_1_459' title='bbox 432 4188 575 4241; x_wconf 85' lang='lat' dir='ltr'>christiin</span> <span class='ocrx_word' id='word_1_460' title='bbox 585 4186 670 4237; x_wconf 88' lang='lat' dir='ltr'>terris</span> <span class='ocrx_word' id='word_1_461' title='bbox 681 4185 812 4249; x_wconf 83' lang='lat' dir='ltr'>vicarios,</span> <span class='ocrx_word' id='word_1_462' title='bbox 827 4184 1108 4247; x_wconf 86' lang='lat' dir='ltr'>suisquesententljs,</span> <span class='ocrx_word' id='word_1_463' title='bbox 1137 4183 1269 4243; x_wconf 88' lang='lat' dir='ltr'>decretis,</span> <span class='ocrx_word' id='word_1_464' title='bbox 1291 4185 1420 4251; x_wconf 68' lang='lat' dir='ltr'>consiliis</span> 
     </span>
     <span class='ocr_line' id='line_1_46' title="bbox 198 4265 1421 4332; baseline -0.005 -7"><span class='ocrx_word' id='word_1_465' title='bbox 198 4277 256 4325; x_wconf 91' lang='lat' dir='ltr'>tam</span> <span class='ocrx_word' id='word_1_466' title='bbox 282 4272 410 4332; x_wconf 88' lang='lat' dir='ltr'>diversis,</span> <span class='ocrx_word' id='word_1_467' title='bbox 445 4269 570 4320; x_wconf 88' lang='lat' dir='ltr'>adversis</span> <span class='ocrx_word' id='word_1_468' title='bbox 598 4270 627 4317; x_wconf 90' lang='lat' dir='ltr'>et</span> <span class='ocrx_word' id='word_1_469' title='bbox 654 4266 804 4329; x_wconf 80' lang='lat' dir='ltr'>contrarljs</span> <span class='ocrx_word' id='word_1_470' title='bbox 837 4265 1034 4316; x_wconf 87' lang='lat' dir='ltr'>obediendum.</span> <span class='ocrx_word' id='word_1_471' title='bbox 1064 4265 1169 4315; x_wconf 84' lang='lat' dir='ltr'>Contra</span> <span class='ocrx_word' id='word_1_472' title='bbox 1196 4277 1279 4328; x_wconf 89' lang='lat' dir='ltr'>quos,</span> <span class='ocrx_word' id='word_1_473' title='bbox 1309 4280 1378 4318; x_wconf 89' lang='lat' dir='ltr'>cum</span> <span class='ocrx_word' id='word_1_474' title='bbox 1406 4281 1421 4319; x_wconf 92' lang='lat' dir='ltr'>a</span> 
     </span>
     <span class='ocr_line' id='line_1_47' title="bbox 198 4347 1423 4414; baseline -0.005 -6"><span class='ocrx_word' id='word_1_475' title='bbox 198 4354 369 4408; x_wconf 84' lang='lat' dir='ltr'>doctissimis</span> <span class='ocrx_word' id='word_1_476' title='bbox 389 4353 489 4414; x_wconf 89' lang='lat' dir='ltr'>hisque</span> <span class='ocrx_word' id='word_1_477' title='bbox 511 4349 753 4400; x_wconf 86' lang='lat' dir='ltr'>christianissimis</span> <span class='ocrx_word' id='word_1_478' title='bbox 776 4349 854 4411; x_wconf 87' lang='lat' dir='ltr'>viris,</span> <span class='ocrx_word' id='word_1_479' title='bbox 875 4349 951 4398; x_wconf 87' lang='lat' dir='ltr'>intra</span> <span class='ocrx_word' id='word_1_480' title='bbox 972 4347 1023 4398; x_wconf 92' lang='lat' dir='ltr'>hos</span> <span class='ocrx_word' id='word_1_481' title='bbox 1046 4361 1150 4411; x_wconf 86' lang='lat' dir='ltr'>paucos</span> <span class='ocrx_word' id='word_1_482' title='bbox 1168 4360 1269 4410; x_wconf 90' lang='lat' dir='ltr'>annos,</span> <span class='ocrx_word' id='word_1_483' title='bbox 1287 4361 1303 4399; x_wconf 92' lang='lat' dir='ltr'>e</span> <span class='ocrx_word' id='word_1_484' title='bbox 1331 4351 1423 4401; x_wconf 87' lang='lat' dir='ltr'>sacris</span> 
     </span>
     <span class='ocr_line' id='line_1_48' title="bbox 198 4429 1424 4502; baseline -0.003 -12"><span class='ocrx_word' id='word_1_485' title='bbox 198 4439 300 4502; x_wconf 86' lang='lat' dir='ltr'>literis,</span> <span class='ocrx_word' id='word_1_486' title='bbox 329 4437 398 4487; x_wconf 88' lang='lat' dir='ltr'>satis</span> <span class='ocrx_word' id='word_1_487' title='bbox 427 4446 568 4498; x_wconf 91' lang='lat' dir='ltr'>superque</span> <span class='ocrx_word' id='word_1_488' title='bbox 596 4434 761 4497; x_wconf 89' lang='lat' dir='ltr'>pugnatum,</span> <span class='ocrx_word' id='word_1_489' title='bbox 791 4432 847 4481; x_wconf 92' lang='lat' dir='ltr'>imo</span> <span class='ocrx_word' id='word_1_490' title='bbox 880 4429 1051 4482; x_wconf 88' lang='lat' dir='ltr'>debellatum</span> <span class='ocrx_word' id='word_1_491' title='bbox 1079 4429 1345 4494; x_wconf 85' lang='lat' dir='ltr'>triumphatumque</span> <span class='ocrx_word' id='word_1_492' title='bbox 1375 4435 1424 4498; x_wconf 85' lang='lat' dir='ltr'>sil,</span> 
     </span>
    </p>
   </div>
   <div class='ocr_carea' id='block_1_3' title="bbox 195 4511 1422 4591">
    <p class='ocr_par' dir='ltr' id='par_1_4' title="bbox 195 4511 1422 4591">
     <span class='ocr_line' id='line_1_49' title="bbox 195 4511 1422 4591; baseline -0.005 -17"><span class='ocrx_word' id='word_1_493' title='bbox 195 4522 304 4578; x_wconf 84' lang='lat' dir='ltr'>trustra</span> <span class='ocrx_word' id='word_1_494' title='bbox 320 4532 373 4591; x_wconf 87' lang='lat' dir='ltr'>ego</span> <span class='ocrx_word' id='word_1_495' title='bbox 397 4517 427 4570; x_wconf 93' lang='lat' dir='ltr'>in</span> <span class='ocrx_word' id='word_1_496' title='bbox 448 4515 593 4585; x_wconf 87' lang='lat' dir='ltr'>epistolari</span> <span class='ocrx_word' id='word_1_497' title='bbox 616 4515 669 4569; x_wconf 89' lang='lat' dir='ltr'>bac</span> <span class='ocrx_word' id='word_1_498' title='bbox 690 4515 822 4584; x_wconf 89' lang='lat' dir='ltr'>augustia</span> <span class='ocrx_word' id='word_1_499' title='bbox 843 4514 930 4568; x_wconf 86' lang='lat' dir='ltr'>verba</span> <span class='ocrx_word' id='word_1_500' title='bbox 949 4514 1076 4566; x_wconf 86' lang='lat' dir='ltr'>tecerim.</span> <span class='ocrx_word' id='word_1_501' title='bbox 1100 4512 1202 4566; x_wconf 85' lang='lat' dir='ltr'>Caveat</span> <span class='ocrx_word' id='word_1_502' title='bbox 1224 4511 1332 4567; x_wconf 87' lang='lat' dir='ltr'>saltem</span> <span class='ocrx_word' id='word_1_503' title='bbox 1353 4516 1422 4581; x_wconf 89' lang='lat' dir='ltr'>sibi,</span> 
     </span>
    </p>
   </div>
   <div class='ocr_carea' id='block_1_4' title="bbox 0 0 1619 5400">
    <p class='ocr_par' dir='ltr' id='par_1_5' title="bbox 0 0 1619 5400">
     <span class='ocr_line' id='line_1_50' title="bbox 0 0 1619 5400; baseline 0 0"><span class='ocrx_word' id='word_1_504' title='bbox 0 0 1619 5400; x_wconf 95' lang='lat' dir='ltr'> </span> 
     </span>
    </p>
   </div>
  </div>
 </body>
</html>
