3224 5400
504 443 609 504 ΔΝΝΟ
628 442 693 502 1⁵26
1163 437 1212 502 nb

10 609 88 667 doce
106 611 274 665 commissio
294 611 380 678 6111611
400 612 594 677 inquisitionis
613 611 742 667 totaliter
760 613 887 666 innitens
906 611 1045 679 singulari
1070 612 1210 665 industrie

10 693 66 748 ius
77 693 278 760 personalem
291 695 459 747 nominatim
476 695 513 747 ad
529 695 559 746 id
576 694 668 748 electe
677 695 715 760 (1)
726 709 733 747 :

10 775 127 829 Dudum
144 773 239 828 1611616
254 775 464 828 recordationis
488 777 652 829 Hadrianus
672 790 747 843 papa
766 775 792 837 6,
815 777 999 830 considerans
1019 777 1211 830 Lutberanam

10 856 105 910 resim
121 858 180 909 ete.
197 855 349 909 Inferioris
368 856 520 911 Germanie
536 860 634 924 partes
653 859 804 918 inuasisse,
816 859 991 923 cupiensque
1003 872 1156 911 canceroso
1168 859 1210 924 illl

10 937 78 990 :bo
101 938 179 989 riam
200 937 381 1003 praeludere,
402 951 438 990 ne
460 937 546 991 latius
569 943 708 1004 serperet,
732 941 811 991 motu
833 941 950 1005 proprio
974 953 1026 1004 per
1047 938 1159 992 litteras
1182 941 1212 991 in

10 1029 71 1070 xua
85 1017 187 1071 breuis
207 1018 244 1070 ad
267 1016 453 1070 1166616666
475 1020 583 1072 rander
609 1019 705 1081 116161,
727 1019 820 1087 (66166
840 1020 1021 1087 religionem,
1042 1020 1211 1078 doctrinam,

10 1099 192 1152 mittentium
202 1101 233 1152 et
248 1112 346 1152 rerum
358 1100 567 1166 experientiam
578 1103 617 1160 et,
633 1103 709 1165 qnod
721 1103 751 1154 in
762 1102 816 1154 hae
827 1116 860 1154 re
871 1103 1038 1168 precipuum
1051 1101 1211 1159 estimabat,

10 1192 50 1250 ga
58 1181 162 1233 domus
170 1181 223 1246 De]
235 1180 334 1243 selum,
344 1182 420 1235 unde
433 1183 541 1248 optima
549 1184 580 1235 et
588 1180 818 1248 prestantissima
828 1184 857 1234 in
870 1183 924 1234 hoc
936 1184 1056 1249 negocio
1066 1183 1210 1247 expectari

10 1264 105 1323 1661,
117 1275 171 1315 666
182 1262 345 1329 Sanctitatj,
363 1277 428 1315 cum
444 1264 475 1314 in
492 1264 653 1316 minoribns
670 1266 756 1323 esset.
770 1265 920 1316 notissima
936 1279 969 1316 ac
986 1265 1213 1329 compertissima

10 1357 68 1397 ne
89 1343 249 1408 maerebat)
272 1345 366 1410 ipsum
388 1345 458 1398 16611
480 1347 511 1397 61
532 1346 643 1398 creauit
670 1346 778 1399 eisdem
802 1347 833 1398 in
858 1346 987 1412 partibus
1012 1345 1211 1409 inquisitorem

10 1424 108 1479 retice
128 1426 282 1492 prauitatis
302 1426 478 1492 generalem,
499 1441 564 1479 cum
588 1428 731 1492 potestate
754 1441 839 1479 anam
860 1427 905 1479 vel
930 1428 1000 1479 duas
1020 1440 1158 1492 personas
1181 1428 1211 1478 in

10 1506 120 1573 :nitate
137 1505 332 1559 ecclesiastica
347 1508 517 1560 constitutas
534 1508 630 1560 autin
648 1521 730 1560 sacra
747 1507 896 1574 theologia
911 1508 1065 1574 madnatas
1083 1508 1119 1559 ad
1135 1508 1211 1560 idem

10 1584 105 1640 idum
127 1588 296 1654 deputandi.
319 1589 407 1654 prout
429 1589 536 1641 iactum
559 1591 613 1650 est,
637 1591 667 1642 et
688 1602 742 1655 per
769 1589 847 1655 ipsos
869 1591 1079 1654 consequenter
1098 1591 1211 1655 ceptum

10 1669 85 1734 [uiri
97 1671 129 1722 61
139 1670 257 1735 procedi
274 1670 310 1722 ad
319 1670 485 1724 earumdem
495 1670 659 1723 litterarum
670 1671 878 1723 executionem.

10 1747 200 1803 Postrnodnm
219 1764 299 1811 vero,
321 1752 423 1805 eodem
446 1752 593 1805 Hadriano
617 1752 763 1812 deiuncto,
787 1752 903 1804 domina
920 1752 1084 1819 Margareta
1100 1752 1210 1818 predic·

10 1843 75 1885 rum
91 1833 217 1898 partium
238 1846 290 1899 pro
311 1832 413 1886 carolo
434 1836 489 1886 etc.
510 1835 627 1896 rectrix,
652 1848 726 1885 anno
747 1843 806 1886 616ο
829 1835 920 1898 xxiiij,
941 1834 1100 1887 declaranit
1118 1833 1211 1886 delicis

10 2148 51 2220 [1)
69 2151 112 2220 Op
123 2154 181 2208 den
193 2155 266 2207 rand
276 2153 352 2208 least
362 2169 446 2208 men:

10 2229 73 2288 Per
89 2235 144 2288 bec
159 2235 258 2299 verba,
276 2249 312 2290 ex
330 2237 433 2301 quibus
449 2237 529 2303 patet
548 2237 639 2290 tuisse
659 2237 869 2301 querimoniam
887 2238 922 2289 16
941 2236 1073 2301 personis
1092 2235 1210 2301 inquisi-

10 2326 76 2369 rnm
98 2319 129 2370 et
148 2319 271 2383 petitum
291 2331 378 2384 super
401 2318 447 2371 his
471 2319 626 2385 provideri,
650 2320 680 2370 et
703 2320 771 2383 quia
793 2320 1001 2383 consequenter
1024 2318 1211 2370 committitur

10 2394 85 2451 [mie
113 2398 268 2464 prudentie
296 2399 386 2465 ipsius
412 2399 512 2467 Legati
539 2398 699 2452 cardinalis
727 2414 758 2453 se
788 2401 944 2452 iniormare
973 2413 1040 2451 num
1063 2399 1212 2464 expediret

10 2490 47 2532 66
68 2480 199 2546 amoueri
222 2482 254 2534 61
276 2480 348 2534 alios
369 2482 497 2548 ipsorum
518 2480 582 2533 loco
606 2481 749 2548 deputari,
772 2484 852 2547 patet
871 2482 918 2532 bic
938 2481 1102 2546 specialiter
1120 2480 1210 2532 inisse

10 2561 270 2626 neumspicicndnm
282 2562 319 2616 de
329 2575 453 2627 persona
463 2576 515 2616 seu
526 2563 657 2629 personis
668 2563 705 2614 ad
718 2564 869 2631 negocium
881 2563 1075 2626 inquisitionis
1086 2562 1208 2621 idoneis,

10 2653 37 2696 ιι
54 2642 172 2707 quidem
183 2643 406 2709 inperpetuum,
419 2644 495 2709 quod
508 2657 559 2697 nee
576 2645 699 2710 petitum
716 2645 772 2696 init
788 2657 840 2697 nee
857 2643 943 2696 166116
960 2645 1063 2696 inisset
1079 2645 1209 2708 prestare

10 2736 32 2776 6
51 2737 124 2790 pace
144 2725 175 2777 et
196 2725 304 2789 quiete,
321 2725 358 2777 ad
375 2738 460 2790 quam
476 2725 524 2777 bie
541 2726 690 2793 agebatur,
709 2727 855 2791 (quoniam
872 2726 939 2791 sciri
958 2726 1097 2789 neqninnt
1113 2724 1161 2788 qui
1180 2724 1211 2778 et

10 2803 78 2858 ties
95 2807 196 2859 666661
210 2805 265 2870 1111,
284 2806 333 2872 qui
351 2805 399 2859 hic
415 2808 624 2872 consequenter
645 2808 803 2875 designatis
819 2808 850 2860 in
867 2808 1007 2874 dignitate
1024 2806 1211 2860 succederent

10 2896 109 2954 mpore
125 2886 235 2956 intnro)
252 2888 303 2940 sed
320 2887 384 2940 loco
400 2887 527 2948 illorum,
546 2889 582 2944 de
600 2890 703 2954 quibus
720 2891 783 2942 erat
799 2889 988 2953 querimonia,
1006 2888 1083 2952 quod
1098 2888 1211 2939 constat

10 2979 32 3021 r
49 2969 194 3034 premissa
211 2969 312 3029 161666,
329 2970 478 3044 dumtaxat
494 2970 685 3036 personaliter
705 2970 882 3023 constitutos.
901 2969 1036 3030 Quamuis
1053 2970 1207 3021 seeundum

10 3061 125 3103 morem
143 3050 274 3103 videatur
290 3051 321 3103 16
337 3064 447 3119 genere
463 3052 587 3104 humano
605 3052 704 3117 haber]¹
724 3066 808 3118 posse
825 3051 958 3117 specialis
975 3051 1079 3102 116616
1090 3050 1125 3102 16
1136 3051 1208 3102 inte·

10 3130 87 3185 11616
102 3134 134 3186 61
149 3132 269 3186 solertia
285 3147 395 3194 eorum,
407 3135 457 3199 qui
474 3135 538 3200 nlle
550 3136 586 3187 ad
598 3135 768 3200 dignitatem
780 3133 882 3199 prelatj
896 3134 972 3196 sunt,
984 3135 1108 3184 attamen
1122 3146 1209 3195 quum

10 3227 76 3274 am,
88 3215 119 3266 in
137 3227 205 3266 casu
222 3215 375 3266 amotionis
392 3215 519 3275 illorum,
531 3217 567 3269 16
585 3216 688 3280 quibus
705 3228 793 3281 snpra
809 3214 961 3266 committit
975 3214 1118 3266 Adrianus
1135 3226 1209 3278 papa
1287 3275 1290 3287 Ι

10 3296 229 3361 renmspeetioni
248 3295 339 3361 ipsius
350 3297 451 3363 Legati
467 3311 474 3349 :
493 3311 531 3349 an
547 3298 600 3348 hos
612 3299 672 3349 tres
683 3296 729 3349 vel
742 3296 812 3347 dnos
825 3297 873 3347 aut
884 3309 970 3347 vnum
982 3295 1071 3347 exeis
1083 3297 1113 3347 et
1124 3307 1209 3359 quem

10 3388 97 3429 orum
116 3376 181 3428 loco
203 3377 335 3443 deputet;
352 3379 383 3431 et
399 3379 467 3442 quia
482 3378 556 3430 idem
573 3378 695 3444 legatus,
714 3377 788 3430 hanc
807 3377 1036 3429 commissionem
1053 3389 1207 3440 exequens,

10 3458 124 3522 mineat
135 3459 251 3511 eosdem
269 3459 329 3510 tres
345 3459 399 3524 sibj
418 3460 448 3511 et
464 3472 537 3525 pape
554 3460 590 3511 de
607 3459 743 3524 protectis
756 3459 857 3524 gratiis
869 3460 899 3509 et
909 3471 1007 3509 rerum
1018 3458 1208 3524 gerendarum

10 3540 152 3593 xteritate
174 3539 330 3606 plurimum
354 3542 575 3600 commendatos,
598 3554 655 3592 non
676 3553 777 3593 verum
797 3539 955 3604 probabile,
974 3540 1049 3603 quod
1066 3540 1137 3605 ipse,
1156 3538 1209 3590 bos

10 3631 79 3674 1666
90 3623 121 3673 61
135 3620 265 3687 singulos
283 3622 468 3686 inquisitores
484 3635 594 3681 creans,
613 3623 670 3674 tam
688 3623 726 3673 sit
743 3623 826 3673 nixus
838 3621 922 3673 titulo
934 3621 1082 3687 dignitatis
1098 3634 1209 3673 eornm·

10 3714 54 3764 m,
66 3715 155 3767 quam
171 3701 296 3769 plurime
312 3702 356 3768 illj
375 3704 502 3770 ipsorum
519 3703 758 3768 commendationi
779 3704 813 3755 de
830 3704 966 3768 pretactis
977 3703 1094 3769 graciis,
1111 3702 1209 3753 huius·

10 3784 55 3850 sdj
77 3786 177 3836 autem
197 3785 408 3838 commendatio
426 3799 483 3836 non
498 3785 585 3838 tacite
602 3787 713 3850 sperari
735 3787 849 3850 poterat
868 3799 920 3838 nec
937 3785 1040 3849 confldj
1062 3785 1161 3837 itrtura
1180 3784 1210 3834 in

10 3866 112 3919 unibus
141 3866 272 3929 ipsorum
303 3866 340 3917 ad
368 3865 531 3931 huiusmodj
561 3866 717 3933 dignitates
745 3867 965 3927 successoribus,
994 3866 1116 3918 maxime
1144 3878 1209 3916 cum

10 3946 63 4000 :ile
82 3946 235 4012 contingat
252 3946 288 3998 ad
304 3946 465 4012 huiusmodi
484 3948 640 4014 dignitates
657 3947 761 4012 666666]
774 3947 899 3999 minores
912 3947 951 3998 xl.
964 3947 1055 4007 annis,
1067 3948 1098 3999 et
1113 3949 1208 4000 tamen

10 4041 21 4082 6
39 4029 138 4095 ipsum
156 4027 251 4094 exigit
266 4027 303 4079 ad
320 4027 505 4081 idoneitatem
523 4029 701 4092 inquisitoris
718 4030 920 4094 constituendi,
938 4032 968 4081 vt
984 4043 1089 4081 annum
1108 4029 1209 4082 saltem

10 4112 44 4164 61
62 4109 152 4163 etatis
169 4121 222 4162 666
239 4107 342 4169 xlm,
360 4123 413 4175 per
430 4109 636 4163 clementinam
649 4112 679 4163 et
689 4112 790 4164 eodem
807 4110 900 4163 titulo.
913 4109 1103 4170 Quamobrem
1118 4111 1207 4176 videri

10 4193 82 4252 test,
109 4190 189 4255 quod
212 4189 376 4243 nullatenus
392 4191 495 4244 inisset
512 4194 652 4257 oportune
672 4195 854 4259 prospectum
871 4194 946 4244 circa
962 4192 1155 4255 querimonias
1177 4192 1212 4243 de

10 4274 110 4328 raonis
135 4271 349 4336 inquisitorum,
373 4272 407 4337 si,
429 4273 492 4325 6166
515 4273 629 4326 1616616
650 4275 794 4339 qualitatis
814 4275 844 4326 et
862 4273 955 4338 gratie
971 4272 1140 4338 personalis,
1158 4271 1211 4335 solj

10 4355 96 4411 endo
123 4351 211 4404 titulo
235 4353 384 4419 dignitatis
387 4390 483 4406 .......
484 4368 533 4406 um
557 4369 646 4421 super
665 4357 777 4409 tuturos
798 4355 982 4418 inquisitores
985 4389 1036 4405 .....
1058 4352 1214 4404 voluissent

10 4436 83 4503 etati
103 4446 184 4502 papa
201 4435 232 4488 et
248 4434 362 4502 legatus
381 4449 480 4488 omnes
493 4439 755 4502 prenominatorum
766 4436 893 4488 locorum
905 4435 1053 4502 prepositi,
1065 4433 1213 4499 prioris...
