3188 5394
192 476 242 530 398
678 473 929 527 AANHANGSBL

190 639 293 692 ciatori
316 638 461 694 debeatur,
483 638 648 695 mandamus
669 639 698 689 et
722 637 893 693 inhibemus,
913 650 949 688 nc
967 636 1030 700 quis
1047 637 1173 688 vestrum
1192 632 1426 698 supradictorum

190 722 316 775 omnium
327 721 372 773 vel
391 719 519 787 singulos
532 721 620 772 libros
640 723 689 773 aut
701 721 808 787 scripta
820 719 1038 784 qualiacumque
1054 719 1153 771 tramis
1170 717 1296 770 Martini
1307 715 1426 767 Lutberi

189 807 238 858 aut
251 805 314 870 ejus
335 804 498 868 sequacium
512 803 600 855 latino
615 806 663 856 aut
681 802 838 855 alemanico
850 804 900 853 aut
917 802 972 854 alio
985 803 1084 866 quovis
1095 802 1237 853 idiomate
1254 798 1422 863 composita.

187 889 216 940 et
228 887 415 938 nihilominus
436 885 508 938 alios
528 885 641 938 libellos
661 887 786 937 famosos
806 887 836 936 in
855 885 977 937 dedecus
995 887 1024 936 et
1040 883 1231 950 vilipendium
1249 882 1422 935 sanctissimi

186 970 295 1022 domini
308 971 399 1022 nostri
411 982 501 1034 papae
520 971 692 1033 sanctaeque
709 970 785 1020 sedis
802 968 986 1033 apostolicae,
1001 969 1231 1026 universitatum,
1250 964 1420 1017 facultatum

186 1053 428 1116 honestarumque
439 1064 627 1117 personarum
639 1052 740 1106 editos,
755 1052 959 1116 cujuscumque
973 1052 1097 1102 auctoris
1113 1051 1172 1101 sint
1189 1051 1221 1101 et
1237 1048 1417 1103 censeantur,

185 1134 293 1201 legere,
313 1136 421 1194 tenere,
446 1134 619 1200 imprimere,
645 1133 778 1191 rendere,
802 1146 897 1185 emere
921 1135 975 1185 aut
994 1131 1052 1184 illis
1074 1146 1188 1198 quoquo
1212 1131 1302 1183 modo
1325 1131 1419 1203 tavers

186 1219 340 1282 presumat,
366 1217 493 1280 quinimo
516 1229 551 1268 ea
572 1217 667 1267 omnia
688 1216 724 1266 ad
748 1229 848 1268 manus
869 1216 1024 1281 supradicti
1046 1215 1152 1267 domini
1173 1214 1274 1266 nuncii
1293 1212 1337 1265 vel
1357 1213 1417 1264 eius

187 1299 375 1351 commissarii
387 1300 463 1352 intra
475 1298 627 1351 terminum
639 1299 725 1350 trium
738 1299 857 1355 dierum,
871 1300 1022 1363 postquam
1032 1299 1176 1363 presentis
1187 1296 1321 1349 mandati
1331 1295 1417 1347 nostm

187 1382 290 1433 notitia
310 1383 345 1433 ad
367 1396 416 1433 vos
438 1383 467 1434 et
489 1383 615 1434 vestrum
632 1380 760 1448 singulos
777 1381 950 1446 pervenerit,
968 1383 1044 1434 ierat
1060 1382 1110 1433 aut
1126 1381 1223 1432 mittat
1240 1380 1273 1432 et
1292 1378 1417 1446 resignet

185 1462 299 1530 publico
312 1464 373 1530 igni
386 1464 579 1517 comburenda
590 1466 619 1516 et
634 1464 749 1529 penitus
762 1461 954 1515 adnihilanda.

218 1546 384 1599 Mandamus
409 1549 561 1612 praeterea
583 1548 683 1599 eadem
707 1547 878 1599 auctoritate
901 1546 1058 1612 apostolica
1084 1547 1115 1598 in
1141 1545 1196 1597 hac
1220 1545 1308 1611 parte
1334 1543 1409 1596 nobis

185 1643 322 1682 concessa
338 1644 371 1681 ac
393 1631 445 1681 sub
464 1630 565 1682 iisdem
581 1630 681 1695 poenis
699 1631 728 1682 et
744 1630 872 1681 censuris
892 1629 1023 1680 omnibus
1040 1631 1070 1681 et
1087 1625 1207 1696 siugulis
1229 1628 1320 1680 divini
1336 1627 1407 1680 verbi

184 1712 429 1777 praedicatoribus
449 1713 653 1776 cuiuscumque
665 1712 774 1762 ordinis
792 1713 877 1763 etiam
890 1712 1122 1768 mendicantium,
1142 1711 1217 1763 utin
1229 1711 1291 1762 suis
1306 1711 1405 1776 praedi·

185 1795 344 1846 rationibus
355 1796 385 1846 et
396 1795 575 1847 sermonibus
588 1794 623 1846 ad
640 1794 775 1860 populum
794 1794 915 1860 predicti
933 1794 1049 1845 Martini
1068 1793 1188 1846 Lutheri
1206 1793 1363 1845 doctrinam
1377 1797 1402 1846 et

183 1877 245 1929 eius
263 1875 352 1928 libros
370 1891 423 1930 nec
440 1892 496 1928 nou
514 1877 628 1929 libellos
645 1879 769 1928 famosos
781 1878 925 1942 predictos
938 1877 1085 1929 damnatos
1103 1878 1191 1929 etiam
1208 1879 1240 1929 et
1256 1878 1396 1942 propterea

184 1959 219 2012 ab
238 1959 369 2011 omnibus
386 1960 532 2012 evitandos
551 1960 737 2022 denuncient3
757 1972 883 2011 necnon
902 1959 1017 2012 decanis
1035 1958 1233 2018 conciliorum,
1254 1959 1333 2010 utin
1348 1959 1395 2012 suis

184 2042 304 2106 quisque
324 2041 453 2093 conciliis
476 2042 548 2094 haec
568 2042 667 2095 eadem
689 2041 843 2106 publicent,
868 2043 899 2093 et
920 2044 1082 2095 curetarum
1106 2042 1393 2095 ecclesiasticarumiu

184 2124 244 2175 suis
266 2123 396 2176 conciliis
419 2125 637 2176 constitutarum
659 2122 819 2176 rectoribus
838 2124 940 2176 eadem
962 2126 1132 2178 auctoritate
1153 2128 1183 2178 et
1201 2124 1255 2176 sub
1274 2125 1392 2189 predictis

183 2206 283 2272 poenis
303 2210 333 2258 ct
350 2208 479 2259 censuris
490 2207 675 2272 praecipiant,
696 2209 835 2270 quatenus
848 2206 969 2273 singulis
982 2208 1081 2260 diebus
1097 2207 1250 2259 dominicis
1261 2220 1313 2272 per
1322 2221 1391 2260 unum

188 2302 292 2340 aunum
309 2289 439 2353 proxime
457 2289 585 2340 futurum
602 2288 673 2340 bora
686 2302 811 2340 summae
830 2290 932 2342 missae
949 2291 979 2340 in
999 2291 1144 2354 trequenti
1156 2289 1256 2356 populi
1266 2291 1389 2355 presentis

187 2369 257 2422 haec
287 2373 382 2423 omnia
409 2372 572 2436 supradicta
600 2371 771 2423 denuncient
796 2375 826 2424 et
855 2371 924 2424 talia
946 2373 1052 2437 scripta
1078 2386 1096 2423 a
1122 2371 1349 2424 christifidelibus
1366 2377 1387 2425 ut

188 2453 457 2518 perniciosissimam
474 2455 632 2505 animarum
649 2457 759 2518 pestem
776 2455 908 2507 evitanda
925 2454 1102 2521 proclament
1118 2456 1148 2507 et
1165 2455 1201 2507 ad
1219 2455 1384 2520 supradictum

190 2536 334 2587 dominum
348 2536 481 2588 nuncium
493 2536 536 2588 vel
549 2537 611 2589 eius
623 2537 848 2589 commissarium
861 2538 1016 2590 deferenda
1027 2538 1214 2604 praecipiant.

147 2638 151 2646 ·
222 2618 259 2669 Et
281 2618 474 2675 nibilominus,
499 2621 531 2670 ut
554 2621 700 2671 decretum
723 2618 777 2670 hoc
800 2623 928 2672 nostrum
956 2620 1069 2673 lacilius
1092 2623 1121 2673 et
1143 2621 1229 2672 citius
1249 2621 1382 2672 executioni

189 2702 383 2758 demandetur,
402 2702 592 2767 praecipimus
616 2702 667 2752 sub
686 2701 787 2753 iisdem
804 2704 932 2755 censuris
949 2705 979 2755 et
995 2704 1095 2768 poeuis
1114 2704 1248 2754 omuibus
1264 2703 1383 2770 magistri·

189 2782 273 2838 tibus,
287 2783 350 2835 loca
361 2784 532 2841 tenentibus,
546 2783 658 2840 villicis,
672 2784 804 2843 scabinis,
818 2785 1056 2852 burgomagistris
1068 2787 1097 2838 et
1108 2785 1174 2837 aliis
1187 2786 1382 2850 quibuscumque

189 2865 319 2917 officiatis
336 2867 450 2924 uostris,
465 2868 504 2923 ut,
525 2866 670 2931 praedicto
692 2867 806 2917 domino
825 2868 927 2919 nuncio
946 2870 995 2920 aut
1011 2869 1073 2932 eJ'us
1092 2868 1288 2919 commissario
1306 2868 1331 2918 in
1344 2867 1382 2920 bac

187 2950 269 3014 parte
282 2949 462 3013 adsistentes,
476 2962 573 3000 omnes
590 2951 619 3000 et
630 2948 760 3015 singulos
778 2950 955 3014 supradictos
968 2951 1115 3002 damnatos
1128 2950 1228 3010 libros,
1242 2950 1384 3014 ubicumque
1451 2942 1453 2977 ³

188 3033 218 3083 et
236 3031 310 3095 apud
324 3045 529 3095 quemcumque
542 3032 732 3095 reperiantur.
753 3034 891 3088 auferant,
910 3034 1046 3098 diripiant
1064 3035 1094 3085 et
1114 3046 1167 3098 pro
1179 3033 1314 3084 arbitratu
1323 3045 1384 3098 prae

188 3114 257 3164 dicti
270 3115 376 3165 domini
394 3115 490 3165 nuncii
508 3113 620 3177 publico
638 3114 700 3179 igni
720 3115 894 3171 comburant,
916 3115 1094 3179 implorando
1107 3115 1143 3166 ad
1161 3114 1216 3166 hoc
1233 3115 1383 3167 subditorum

189 3198 351 3247 nostrorum
368 3196 484 3252 auxilio,
504 3196 553 3259 qui
572 3197 608 3246 ad
630 3194 705 3247 hunc
726 3198 859 3248 effectum
878 3198 1031 3263 praedictis
1053 3197 1184 3249 officiatis
1204 3198 1236 3248 ut
1256 3196 1383 3248 nobismet·

188 3277 257 3343 ipsis
269 3282 387 3343 pareant
398 3280 427 3330 et
447 3279 591 3340 obediant,
610 3280 699 3331 donec
711 3282 873 3345 peruiciosa
883 3278 1003 3332 istorum
1024 3282 1253 3345 supradictorum
1268 3279 1382 3332 librorum

187 3372 270 3426 seges
282 3373 299 3412 e
311 3363 408 3411 nostra
425 3361 531 3412 diocesi
543 3364 572 3413 et
584 3362 717 3412 dominiis
734 3363 870 3414 radicitus
889 3363 1003 3414 omnino
1021 3363 1193 3428 extirpetur,
1211 3362 1383 3430 gravissimam

186 3442 391 3508 indignationis
419 3443 533 3494 nostrae
557 3446 586 3494 et
608 3443 678 3494 alias
701 3445 878 3509 supradictas
900 3459 1007 3509 poenas
1029 3448 1059 3498 et
1086 3459 1230 3502 censuras,
1255 3445 1280 3495 si
1305 3447 1384 3496 conus

186 3525 318 3586 iecerint,
330 3525 484 3576 incursuri.

219 3607 266 3672 Et,
294 3608 361 3671 quia
382 3607 498 3660 difficile
516 3608 599 3659 nimis
619 3610 695 3660 loret
717 3613 882 3675 praesentes
905 3611 957 3662 bas
980 3609 1092 3663 litteras
1119 3623 1169 3662 seu
1196 3610 1337 3661 decretum
1359 3607 1386 3660 sd

186 3688 300 3756 singula
311 3703 440 3754 quaeque
458 3690 520 3741 loca
537 3692 659 3743 diocesis
683 3695 712 3743 et
724 3692 913 3745 dominiorum
934 3696 1096 3745 nostrorum
1106 3692 1223 3750 deterri,
1237 3689 1388 3743 volumnaet

186 3770 373 3829 deceruimus¹
396 3774 471 3836 quod
492 3785 590 3825 earum
611 3776 810 3840 transsumptis
838 3789 922 3826 manu
945 3774 1038 3827 fidelis
1058 3775 1207 3827 secretarii
1231 3773 1320 3825 nostri
1339 3772 1389 3824 sub·

187 3854 301 3919 scriptis
313 3858 342 3908 et
353 3869 440 3920 parvo
452 3854 548 3921 sigillo
560 3857 681 3921 predicti
693 3857 800 3908 domini
813 3858 909 3908 nuncii
920 3857 1037 3909 munitis
1055 3857 1161 3926 ubique
1178 3858 1271 3908 stetur
1283 3857 1311 3908 ei
1321 3853 1391 3920 plena

187 3936 258 3989 tides
275 3936 452 3999 adhibeatur,
470 3939 556 4002 prout
573 3939 642 4003 ipsis
660 3938 848 4005 originalibus
864 3938 969 3991 litteris
987 3940 1112 3991 staretur
1128 3941 1158 3991 et
1175 3937 1391 4001 adhiberemus

187 4019 332 4072 exhibitae
344 4021 439 4072 dorent
448 4023 478 4072 et
489 4024 631 4088 ostensae.

221 4101 333 4162 Datum,
348 4105 403 4155 etc.

447 4204 565 4256 Archiel
584 4218 638 4255 vau
660 4204 709 4256 het
731 4204 871 4256 Vatikaan
895 4205 924 4256 te
951 4204 1053 4270 Rome,
1083 4209 1151 4258 Acta
1179 4205 1400 4266 Womuticasia.

480 4286 531 4337 tol.
549 4287 595 4351 583
614 4287 768 4353 algedrukt
784 4288 821 4351 bij
841 4286 940 4344 Balau,
960 4289 1152 4352 Monumsnta,
1168 4288 1224 4339 bln.
1246 4288 1363 4341 iborea
1378 4315 1405 4328 -

482 4370 523 4422 De
540 4370 604 4423 hier
621 4368 760 4423 bedoelde
780 4368 828 4421 bul
847 4384 883 4435 op
907 4371 941 4422 de
960 4370 1197 4423 boelseucensuur
1219 4373 1246 4423 is
1271 4373 1408 4439 blljkbaar

480 4453 526 4505 die
543 4466 597 4505 van
613 4453 630 4503 4
647 4453 704 4506 Mei
722 4452 796 4504 1515.
816 4453 874 4518 (Zie
894 4451 999 4522 Corpus
1010 4453 1033 4511 1,
1047 4452 1100 4505 bla.
1112 4451 1173 4514 sou,
1186 4467 1224 4507 en
1245 4455 1409 4526 Corpmlv,

481 4533 534 4588 blz.
548 4534 584 4602 2).
