3224 5400
711 562 816 617 ANNO
834 558 899 614 1527

758 802 849 872 566.

246 1019 351 1090 1527,
372 1012 536 1078 Jonoori
556 1020 588 1089 7,
610 1012 791 1080 Mechelen
813 1031 858 1079 eu
883 1012 1011 1080 Grave.
1030 1015 1123 1083 Brief
1142 1015 1203 1083 der
1226 1015 1410 1102 Lnndvoog·

193 1118 339 1184 descen
367 1117 520 1186 Nicoiaas
547 1118 671 1205 (loppin
699 1119 739 1184 de
768 1116 947 1198 Montibus,
978 1117 1116 1206 wnerbij
1144 1118 1186 1206 zij
1215 1118 1294 1184 hem
1317 1117 1410 1185 meidt

193 1239 370 1286 vernomen
395 1224 428 1287 te
451 1220 592 1299 hebben,
618 1221 675 1288 dut
698 1220 738 1287 de
761 1225 895 1307 pastoor
918 1241 982 1288 van
998 1222 1108 1288 Grave
1123 1219 1317 1288 hettersche
1332 1220 1409 1288 leer-

193 1323 323 1389 stelsels
346 1323 554 1408 verkondigt.
575 1360 619 1372 —
638 1323 684 1410 Zij
714 1321 840 1390 boveelt
864 1323 927 1390 den
952 1323 1148 1408 inquisitour
1171 1327 1241 1390 met
1264 1322 1304 1389 de
1327 1322 1410 1408 efge·

193 1424 392 1512 vaurdigden
416 1446 481 1492 van
504 1424 567 1491 den
592 1425 742 1510 bisschop
766 1445 831 1492 ven
857 1425 940 1492 Luik
965 1444 1049 1492 noer
1073 1425 1182 1493 Grave
1204 1430 1342 1511 tegeor
1364 1445 1410 1489 om

194 1526 306 1594 eldear
321 1527 537 1615 gezemenlijk
554 1549 615 1595 een
632 1526 815 1594 onderzoek
839 1528 873 1594 in
894 1532 929 1595 te
954 1528 1072 1595 etoilen
1091 1533 1191 1614 tegen
1206 1527 1272 1594 den
1289 1532 1411 1612 pustoor

195 1649 235 1695 en
252 1628 291 1696 de
306 1630 428 1697 endere
444 1632 670 1710 Lutherenen,
688 1629 740 1696 die
756 1650 793 1696 er
809 1630 882 1696 zich
898 1630 1023 1699 zouden
1044 1629 1218 1697 bevinden.

228 1779 413 1845 Merguerite‚
430 1780 650 1833 archiduchesse
668 1782 828 1839 dAustrice.
842 1781 960 1832 ducesse
977 1781 1007 1832 et
1023 1781 1162 1832 comtesse
1180 1780 1215 1832 de
1234 1779 1411 1848 Bourgogne,

195 1860 369 1926 dowaigiere
382 1862 416 1913 de
429 1862 548 1928 Snmye,
561 1865 690 1929 regente,
704 1865 759 1914 etc.

228 1943 300 1994 Tres
312 1943 392 1995 chier
403 1947 433 1995 et
443 1945 510 1997 bien
522 1947 594 2004 ame,
608 1947 687 1997 Pour
703 1959 736 1997 ce
754 1959 809 2008 que
826 1958 949 1997 nomines
961 1945 1078 2009 evertye
1089 1957 1146 2008 que
1158 1943 1187 1996 le
1199 1945 1271 1996 cure
1283 1946 1319 1996 de
1331 1943 1412 1996 Graue

195 2027 240 2077 est
261 2026 368 2078 infecte
391 2027 457 2079 dele
477 2029 554 2080 secte
571 2027 732 2081 luterienne
750 2031 780 2080 et
797 2042 814 2080 e
830 2028 1063 2092 pubiicquement
1084 2026 1206 2092 prescire
1226 2026 1413 2091 propositione

195 2106 306 2171 picineo
329 2108 364 2159 de
392 2109 520 2161 heresies
543 2110 731 2175 lutherianes‚
757 2111 826 2161 dont
848 2110 959 2174 porroit
982 2122 1088 2176 ensuyr
1110 2110 1197 2174 grant
1218 2108 1414 2161 inconvenient

195 2191 278 2240 entre
297 2189 325 2242 le
344 2190 448 2255 peuple
466 2191 532 2242 dele
547 2191 624 2252 ville,
644 2193 772 2244 desinens
790 2194 866 2244 estre
884 2205 1021 2256 pourven,
1040 2204 1112 2242 nous
1130 2205 1200 2242 vous
1217 2192 1375 2254 requerono
1390 2189 1415 2239 et

196 2271 374 2322 neeutmoins
395 2269 558 2323 ordonnons
578 2287 648 2323 vous
668 2287 737 2325 rous
755 2274 885 2340 disponer
903 2275 937 2325 de
955 2286 1024 2325 erec
1040 2272 1083 2324 les
1100 2272 1221 2337 deputes
1239 2271 1278 2322 du
1297 2269 1413 2323 cardinal

196 2353 226 2403 et
237 2353 359 2417 evesque
374 2353 409 2405 de
421 2353 520 2420 Liege‚
533 2369 603 2406 vous
614 2357 794 2420 transporier
811 2356 877 2406 eud.
896 2355 954 2407 lieu
973 2356 1002 2407 et
1019 2353 1086 2405 illec
1102 2353 1244 2418 proceder
1253 2355 1355 2406 contre
1365 2351 1414 2404 led.

195 2436 265 2486 oure
282 2436 312 2489 et
328 2435 436 2488 nultres
454 2436 614 2489 luthericus
632 2449 687 2502 que
705 2440 862 2494 trouverez,
882 2437 963 2490 selon
981 2436 1009 2488 la
1026 2436 1130 2488 teneor
1148 2435 1185 2487 de
1205 2438 1305 2488 vostre
1326 2435 1415 2501 povoir

197 2516 227 2567 et
238 2518 430 2569 commission.
443 2518 480 2569 Et
492 2533 529 2570 ou
540 2532 588 2571 ces
606 2533 661 2583 que
679 2534 716 2585 ny
734 2520 845 2585 puiseez
862 2519 924 2571 nien
941 2532 977 2570 en
994 2529 1147 2582 personne.
1166 2517 1291 2581 deputer
1303 2516 1415 2580 quelcur

197 2611 233 2649 cu
245 2601 341 2652 vostre
352 2599 455 2652 lieu...
469 2614 536 2653 avec
548 2601 575 2652 le
587 2601 658 2653 selle
670 2602 706 2653 de
718 2602 807 2666 Liege
820 2614 875 2665 que
888 2601 980 2666 pertir
999 2601 1034 2652 de
1052 2600 1145 2650 ceetes
1161 2596 1190 2648 le
1201 2599 1272 2662 iour
1284 2612 1339 2662 que
1354 2610 1416 2648 rouo

196 2694 234 2731 ou
245 2681 341 2734 vostre
354 2681 476 2748 delegue
493 2697 542 2734 von
554 2698 572 2749 y
583 2696 684 2748 porrez
702 2685 818 2734 trouver
830 2683 895 2734 eud.
909 2682 1011 2744 Grave,
1024 2682 1054 2732 et
1065 2694 1103 2744 ny
1115 2678 1226 2731 vuellez
1238 2680 1314 2732 taire
1325 2679 1415 2731 inulte.

229 2762 326 2820 Aiunt,
340 2764 399 2815 tres
412 2764 493 2816 chier
505 2767 534 2816 et
544 2765 612 2817 bien
625 2766 697 2822 eme,
711 2765 809 2815 nostre
822 2764 962 2830 seigneur
975 2763 1032 2814 soit
1043 2761 1133 2827 garde
1145 2761 1181 2811 de
1192 2774 1276 2812 vous.

229 2843 342 2910 Escript
352 2847 369 2896 ὲ
381 2846 513 2904 Mulines,
525 2846 553 2898 le
565 2847 614 2910 vij·
626 2847 693 2910 jour
705 2847 741 2898 de
752 2847 864 2910 J'euvier
876 2853 925 2896 xv⁸
937 2845 1013 2908 xxvj.

229 2925 253 2975 A
266 2928 362 2978 nostre
375 2928 433 2979 tres
445 2928 526 2979 chier
538 2930 567 2979 et
577 2927 645 2979 bien
663 2929 726 2979 ame
737 2928 854 2979 maistre
866 2927 982 2978 Nicolos
995 2924 1085 2988 Copin
1097 2922 1139 2974 dit
1150 2924 1186 2976 de
1199 2923 1296 2984 Mons,
1309 2926 1419 2977 docteur

195 3024 232 3063 eu
243 3008 335 3062 sainte
347 3009 493 3075 theologie
506 3012 534 3061 et
547 3010 638 3074 doyen
652 3010 687 3061 do
699 3009 801 3074 legiise
813 3009 849 3060 de
862 3009 902 3060 St.
916 3009 1017 3061 Pierre
1030 3010 1048 3060 d
1059 3008 1197 3060 Louvein.

459 3137 654 3200 Rijkoerchiei
666 3140 694 3189 te
706 3136 835 3199 Brussel,
848 3136 968 3190 Reuooic
980 3135 1015 3190 de
1028 3135 1139 3196 Vienna,
1157 3135 1246 3189 lioese
1265 3146 1297 3188 ur
1312 3135 1420 3190 XLVII.

764 3371 858 3442 56¹7.

253 3587 359 3659 1527,
379 3580 543 3649 Jonuori
564 3587 620 3659 16,
641 3581 872 3665 Auiooemoen.
893 3580 1025 3650 Verbod
1048 3602 1114 3649 vnn
1138 3581 1202 3649 den
1225 3581 1425 3672 Magistrut

197 3687 381 3774 Engeloche
397 3687 534 3754 Nieuwe
550 3688 794 3764 Testamenten
809 3692 843 3753 te
859 3685 1064 3771 Antwerpen
1079 3682 1237 3771 gedrukt,
1253 3706 1297 3753 en
1313 3686 1367 3755 die
1382 3706 1424 3754 nn

199 3790 324 3871 uidear,
343 3791 392 3857 uls
408 3791 497 3858 alom
512 3790 546 3856 in
562 3788 745 3875 Engelund‚
760 3787 924 3855 verbrund
941 3787 1089 3864 worden,
1110 3791 1145 3854 te
1161 3786 1337 3858 beveren.

201 3954 331 4010 donem
347 3956 418 4009 endo
436 3963 619 4022 outoeoepen
639 3956 674 4022 by
696 3954 804 4006 Heeren
825 3952 925 4007 Glauce
944 3967 1003 4006 can
1020 3952 1119 4020 Lyere,
1139 3951 1269 4014 riddcre,
1291 3953 1426 4014 &onom

157 4075 159 4079 r
233 4037 520 4106 Bourqormeeoteren,
533 4036 669 4103 Scopam
681 4034 750 4089 ende
770 4035 860 4089 Raida
876 4034 985 4087 vander
996 4034 1071 4088 stadt
1081 4050 1136 4088 oon
1148 4035 1336 4104 Ammon,
1349 4044 1426 4106 opion

230 4120 261 4173 X
266 4119 326 4172 Vim
337 4117 410 4172 dach
422 4134 477 4173 oon
489 4119 630 4172 lanuario
642 4132 718 4170 anno
731 4117 830 4170 XXVI
838 4117 924 4182 (oude
936 4116 1016 4181 eiiii).

230 4252 297 4305 Men
317 4252 454 4305 cundicht
475 4252 549 4304 ende
570 4250 677 4316 gemet,
699 4262 753 4300 ven
774 4249 904 4301 sHeercu
925 4248 998 4301 ende
1019 4248 1126 4301 vander
1143 4248 1226 4300 stedi
1247 4263 1366 4318 wegen,
1384 4250 1429 4300 dut

198 4335 343 4401 nyemeut,
363 4346 417 4384 ven
434 4335 491 4384 wat
508 4334 581 4385 stete
599 4334 641 4383 ott
658 4331 797 4396 qualitcyt
813 4331 852 4396 hy
865 4346 906 4395 zy.
921 4331 987 4383 hem
1004 4343 1039 4382 cn
1058 4331 1201 4389 voirdere‚
1213 4330 1260 4382 int
1278 4332 1428 4399 heymelyc

197 4418 240 4468 ott
259 4416 303 4468 int
322 4415 475 4480 openheer‚
497 4416 535 4481 hy
556 4416 612 4466 hen
632 4416 661 4466 te
680 4414 813 4466 houdeuc
833 4413 939 4480 ennige
960 4413 1088 4478 Nycuwc
1107 4414 1321 4467 Testamenteu
1338 4415 1429 4468 alhior

196 4499 280 4551 inder
299 4498 376 4550 stadt
397 4499 427 4548 in
450 4497 643 4565 Engelsschor
667 4496 744 4549 talen
767 4497 898 4563 gedruct,
923 4496 1022 4548 deerat
1045 4497 1081 4549 de
1102 4495 1228 4562 gelycke
1253 4497 1384 4552 domme
1401 4499 1428 4551 in

196 4579 485 4648 lingeientverbrunt
501 4579 575 4633 ende
591 4579 865 4645 jegenwoerdichlic
882 4577 976 4632 nlhier
993 4579 1038 4632 oic
1049 4578 1191 4635 'verbrcut
1207 4580 1346 4643 worden,
1359 4583 1428 4638 ende
