3224 5400
687 105 939 160 AANHANGSEL
1377 107 1426 161 40¹1

239 272 422 337 Quapropter
439 286 496 323 nou
516 284 665 336 possumus
683 285 740 322 uon
758 271 809 322 tibi
826 270 962 337 plurimas
979 272 1086 339 gratias
1104 285 1189 338 agere
1207 274 1291 337 teque
1309 275 1338 325 et
1348 273 1426 326 tuum

204 355 282 407 istud
302 354 512 407 sanctissimum
534 354 710 420 propositum
732 353 929 406 commendare
949 356 978 405 et
998 353 1078 407 mille
1096 354 1341 407 benedictionibus
1360 369 1426 421 pro-

202 437 295 502 sequi.
313 435 471 489 Hortamur
487 437 573 490 etiam
591 439 619 488 te
636 437 666 488 in
684 437 805 489 Domino
818 437 847 488 et
858 451 1001 503 rogamus,
1015 439 1055 496 ut,
1069 437 1303 502 quemadmodum
1314 438 1424 503 cepisti,

200 521 243 572 ita
261 521 358 572 iacere
380 532 559 585 perseveres,
580 520 688 583 tibique
708 520 882 585 persuadeas
903 521 1018 584 praeter
1034 521 1201 585 praemium,
1217 520 1292 584 quod
1310 520 1361 570 tibi
1380 520 1425 572 vel

201 602 237 653 ob
258 601 332 653 banc
352 615 465 654 causam
487 601 641 654 maximum
660 602 690 652 in
710 600 797 653 caelis
816 606 941 668 paratur,
961 617 1012 653 nos
1031 605 1211 666 sanctamque
1228 601 1300 654 hauc
1317 601 1423 661 sedem,

200 684 226 735 si
248 684 360 749 quando
382 698 436 735 usu
457 684 587 746 eveniat·
604 686 652 735 tuo
673 686 796 748 tuaeque
813 682 938 736 familiae
957 684 1067 744 honori,
1085 684 1232 736 commodo
1250 683 1279 734 ct
1295 682 1425 750 dignitati

200 780 381 832 nequaquam
393 768 549 819 defuturos.

234 850 301 902 Dat.
314 850 432 911 Romae,
445 851 498 902 eto.

461 963 580 1017 Archiei
597 979 649 1016 van
667 965 717 1017 bet
733 964 872 1017 Vatikaan
891 968 919 1017 te
935 966 1037 1024 Rome,
1056 965 1183 1016 Nuntiat.
1196 967 1291 1019 Germ.
1309 968 1342 1028 L,
1361 967 1422 1030 1783

494 1046 649 1113 atgedrukt
661 1047 697 1112 bii
713 1046 812 1105 Balau,
824 1047 1013 1111 Monumenta,
1025 1046 1077 1099 biz.
1091 1047 1207 1101 271279.

698 1287 777 1355 ‘isa
801 1277 917 1372 (53bi).

254 1504 360 1578 1521,
382 1498 562 1585 Augustus
586 1505 643 1577 23,
664 1499 819 1588 Bruppe.
845 1501 1026 1570 Uittreksel
1053 1503 1101 1572 nit
1124 1524 1226 1571 senen
1250 1503 1337 1572 briei
1355 1524 1418 1571 van

196 1604 365 1670 Aloander
394 1625 456 1670 aen
490 1604 552 1669 den
582 1604 846 1684 vice-kanselier,
881 1608 1006 1673 waarin
1038 1608 1082 1696 hij
1119 1608 1256 1694 betuigt,
1293 1609 1348 1675 dat
1379 1609 1419 1674 de

196 1704 402 1772 Luthersche
419 1704 550 1793 ketterij
569 1705 601 1770 in
620 1704 826 1774 Viennderen
841 1729 905 1797 nog
921 1709 991 1777 niet
1010 1708 1191 1797 nitgeroeid
1204 1709 1244 1790 is,
1259 1728 1350 1776 maer
1360 1708 1417 1775 het

194 1807 326 1876 weldra
340 1809 404 1897 zijn
422 1809 484 1876 eal.

308 1961 343 2013 ln
355 1962 454 2024 queste
464 1961 557 2015 bande
571 1963 599 2013 di
611 1963 736 2014 Fiandre
752 1975 821 2012 sono
835 1975 920 2013 ancor
933 1962 968 2013 dc
980 1961 1068 2013 molta
1080 1961 1153 2014 male
1165 1960 1254 2013 radici
1272 1960 1307 2013 de
1325 1962 1418 2026 questi

197 2040 366 2102 Luth'erani,
387 2042 414 2095 le
435 2044 511 2108 quali
528 2045 558 2097 in
576 2044 686 2096 occulto
704 2058 825 2097 cercano
843 2044 1032 2110 regerminar,
1051 2043 1159 2095 bencbb
1175 2045 1291 2104 trustra,
1311 2043 1418 2108 perche

193 2138 310 2190 sempre
330 2123 357 2177 ie
377 2141 411 2176 vo
432 2129 597 2187 resecando,
618 2130 648 2180 et
667 2141 751 2193 spero
770 2127 822 2178 che
840 2127 913 2178 tutto
932 2127 1040 2178 auderi
1061 2127 1128 2192 ogni
1148 2126 1176 2178 di
1193 2126 1244 2191 piu
1262 2126 1297 2178 de
1314 2126 1369 2178 ben
1386 2126 1416 2177 in

195 2206 305 2273 meglio
317 2222 381 2259 cum
394 2208 420 2261 lo
434 2209 530 2261 adiuto
543 2210 578 2263 de
590 2211 654 2262 Dio.

227 2289 261 2341 lo
282 2303 338 2341 non
358 2304 403 2342 mc
423 2291 531 2356 partird
553 2306 584 2344 se
605 2306 661 2342 non
682 2293 753 2343 redo
771 2289 798 2342 le
816 2303 882 2343 cose
898 2290 928 2342 iu
949 2290 1131 2342 securissimo
1152 2302 1257 2346 essere,
1277 2290 1416 2343 ancorche

195 2372 278 2424 certo
292 2385 347 2423 non
360 2373 396 2424 sii
407 2373 456 2438 piu
468 2373 595 2437 periculo
608 2375 637 2424 in
650 2372 832 2425 universali..
843 2411 865 2424 ..

208 2470 212 2480 ·
229 2453 255 2506 Ε
266 2454 385 2521 Brugis,
398 2457 429 2507 23
441 2456 564 2522 Augusti
575 2469 674 2509 unxrn.

458 2590 576 2642 Arcbiei
587 2604 640 2641 van
658 2590 707 2640 bet
724 2588 862 2642 Vatikaan
881 2591 909 2642 te
926 2590 1026 2648 Rome,
1046 2589 1173 2640 Nuntiat.
1193 2588 1286 2640 Germ.
1306 2589 1337 2647 L,
1353 2588 1415 2653 1953

490 2672 644 2737 aigedrukt
661 2673 698 2736 bij
718 2671 816 2732 Baian,
835 2672 1025 2731 Monumenta,
1044 2669 1096 2722 bla.
1110 2670 1167 2729 283,
1181 2684 1216 2722 en
1233 2670 1271 2735 bij
1284 2670 1414 2737 Brieger,

473 2752 543 2805 'bla
562 2755 609 2805 257
622 2768 657 2806 en
668 2753 727 2804 258.

693 2986 773 3056 764
798 2977 914 3071 (53¹⁹f).

251 3204 359 3275 1521,
388 3197 570 3284 Augustus
597 3203 654 3276 26,
684 3179 838 3284 Bruppe.
869 3198 960 3267 Brief
982 3221 1045 3267 van
1074 3199 1239 3267 Aloander
1264 3221 1326 3268 asu
1352 3201 1415 3267 den

194 3302 450 3371 rico-kanselier
462 3323 541 3370 over
553 3304 640 3392 zijue
653 3303 875 3390 bemoeiingen
886 3309 986 3390 tegen
1000 3303 1039 3370 de
1051 3304 1254 3371 Luthersche
1267 3304 1413 3393 ketterij,

194 3409 237 3474 de
262 3405 426 3493 gewillige
450 3406 595 3493 houding
617 3427 681 3472 ven
707 3407 769 3473 den
792 3408 980 3494 Brugschen
1008 3407 1199 3493 magistraet
1224 3428 1264 3473 en
1284 3408 1324 3475 de
1340 3427 1415 3475 ver·

195 3510 316 3579 dechte
331 3510 506 3596 gevoelens
522 3511 581 3576 der
597 3509 790 3576 Kartuizers
807 3531 847 3577 en
866 3510 1109 3597 Benedictijnen
1128 3509 1251 3579 aldam

231 3661 276 3712 Hc
301 3662 435 3728 receputo
456 3659 484 3712 le
505 3660 534 3711 di
554 3659 587 3710 V.
611 3660 639 3712 S.
664 3661 730 3712 ΒΜ
750 3662 779 3712 di
802 3674 852 3713 xru
876 3662 904 3712 di
927 3663 1037 3725 questo,
1060 3662 1190 3727 resposis
1212 3661 1286 3714 delle
1307 3663 1365 3716 mie
1387 3664 1416 3715 di

194 3744 288 3810 fland,
306 3746 336 3796 et
352 3743 427 3796 della
443 3744 611 3795 executione
628 3744 700 3795 tetta
715 3744 745 3795 in
767 3743 863 3808 quello
881 3743 957 3808 loco;
975 3758 1027 3809 per
1045 3747 1145 3808 questa
1161 3744 1256 3796 adviso
1269 3759 1325 3797 non
1337 3759 1417 3799 esser

190 3827 268 3878 tetta
279 3827 309 3878 in
322 3827 422 3891 questa
439 3826 517 3877 torre
533 3825 683 3878 execution
703 3827 737 3877 do
755 3825 897 3883 incendio,
916 3826 1023 3890 perche
1034 3827 1064 3877 in
1076 3839 1143 3878 vero
1161 3840 1218 3877 non
1230 3840 1281 3879 era
1294 3828 1416 3895 bisogno

191 3921 248 3975 per
270 3921 365 3960 essere
385 3907 412 3959 el
433 3907 515 3959 iuoco
535 3907 623 3958 molto
647 3909 739 3967 netto,
762 3910 791 3960 et
810 3908 859 3971 pin
880 3907 985 3973 perche
1004 3923 1060 3960 non
1080 3908 1226 3971 havearno,
1247 3911 1283 3962 ud
1303 3910 1327 3961 si
1345 3925 1415 3962 sono

192 3991 300 4044 trovati
317 3988 393 4041 libri.
412 3990 477 4041 Non
495 3991 511 4043 e
527 3995 596 4056 pero
614 3990 666 4042 che
686 4004 742 4041 non
760 3992 784 4041 si
802 3991 875 4042 siino
893 4004 945 4056 per
963 3991 1030 4057 ogni
1047 3990 1110 4042 loco
1132 3991 1251 4055 qualche
1273 3993 1302 4043 di
1324 3994 1417 4056 questi

191 4071 278 4126 scioli
299 4086 352 4138 per
377 4076 520 4124 monstror
541 4073 594 4125 cbo
617 4086 686 4124 sono
711 4074 746 4125 ds
767 4074 817 4139 piis
842 4071 910 4125 delli
932 4072 1007 4131 altri,
1036 4074 1113 4125 intra
1134 4074 1156 4125 li
1184 4074 1260 4138 quali
1288 4089 1358 4126 sono
1386 4076 1415 4127 di

195 4156 293 4222 questi
316 4155 423 4209 scabini
446 4157 476 4208 et
498 4156 646 4210 secretarii
669 4156 698 4208 di
720 4157 819 4221 queste
848 4158 935 4218 terre.
961 4158 991 4210 et
1014 4155 1066 4210 ebe
1092 4157 1196 4224 peggio
1225 4158 1242 4210 a
1267 4157 1296 4210 di
1321 4158 1413 4224 questi
