3188 5394
577 479 680 533 ANNO
699 477 762 532 152⁵
1249 483 1283 536 ⁵5

55 647 132 705 acta.
146 646 218 698 alias
230 648 265 699 de
277 648 405 712 tempore
417 660 473 702 nun
485 645 624 704 recolens,
637 645 725 698 semel
743 646 863 698 accessit
874 645 967 711 ipsum
979 660 1069 707 reum,
1082 648 1228 711 querendo
1246 647 1281 700 ab

55 728 162 780 eodem
180 743 268 793 quare
290 732 398 780 tantum
414 729 575 795 predicaret
592 729 627 780 de
648 729 713 792 tide,
738 731 767 780 et
789 742 876 792 quare
900 743 955 779 non
972 731 1133 795 predicaret
1149 732 1235 795 prout
1251 731 1282 782 in

56 812 212 876 principalj
226 811 345 863 ecclesia
360 812 429 862 dicti
447 812 524 876 opidi
540 811 693 876 Bergensis
711 813 740 862 et
757 811 831 875 apud
849 811 975 863 Minores
992 812 1096 864 ibidem
1109 813 1281 878 predicatur,

58 907 93 944 ac
111 907 201 958 quare
221 895 278 959 J'am
296 893 360 959 plus
378 894 541 958 predicaret
565 907 648 957 quam
672 892 772 943 solitus
793 893 849 943 tuit
870 894 1027 958 predicare,
1048 895 1196 959 respondit
1215 897 1283 946 tunc

59 976 136 1027 idem
148 990 225 1033 reus,
240 977 313 1040 quod
323 977 382 1040 J'am
404 975 523 1027 haberet
540 975 611 1026 alios
629 975 718 1025 libros
731 977 760 1026 et
771 974 836 1025 illos
847 976 905 1040 jam
917 975 1018 1027 melius
1030 990 1114 1040 quam
1125 977 1206 1042 prius
1218 977 1283 1029 visi·

60 1059 133 1110 tavit
151 1061 180 1110 et
191 1059 338 1123 inquisivit
349 1062 379 1110 et
390 1059 464 1122 quod
477 1059 556 1122 prius
568 1058 682 1109 erravit.
919 1047 920 1050 ¹

94 1140 192 1192 Dicit
183 1154 301 1205 insuper
316 1141 378 1205 ipsa
389 1142 470 1192 tastis
479 1153 509 1192 se
522 1139 682 1191 audivisse'
674 1153 703 1190 ιιι
717 1152 847 1190 sermone
857 1140 912 1204 rei,
925 1139 1048 1203 qualiter
1059 1140 1135 1192 idem
1146 1141 1219 1193 dixit
1230 1141 1284 1194 bec

60 1223 171 1274 rerba:
182 1221 235 1276 Dae
241 1226 376 1290 praestare
388 1237 422 1289 op
435 1221 490 1274 den
498 1221 567 1274 stoct
583 1236 684 1288 sepyen
700 1237 721 1272 u
732 1219 805 1273 wel.
821 1220 881 1273 Ειιι
892 1220 941 1273 ctat
949 1220 1102 1288 ytyeenen
1117 1221 1285 1277 emendam

60 1320 124 1357 cens
136 1304 217 1364 brect,
235 1318 280 1358 roe
296 1289 386 1371 docdy
402 1319 451 1356 cen
469 1304 631 1365 doouondoe
648 1304 720 1356 brect
734 1301 790 1371 phy
801 1302 873 1371 dyen
890 1312 956 1373 twee
966 1305 1044 1373 werf,
1056 1320 1103 1357 soc
1114 1303 1203 1373 docdy
1219 1315 1286 1359 taces

61 1385 249 1450 doomndcm
266 1390 331 1438 item
348 1385 480 1454 drywerf,
493 1384 548 1453 dry
559 1385 747 1448 dornomiam
757 1365 1019 1439 enderoediclrwtle
1029 1385 1137 1439 atamen
1146 1387 1227 1447 treet,
1239 1402 1286 1442 soe

63 1469 120 1521 cele
137 1467 317 1522 dootsonden.
336 1467 387 1521 Iclt
404 1466 488 1521 hedde
505 1466 587 1520 laetos
603 1467 671 1520 coeit
687 1467 739 1520 wal
759 1474 882 1534 coortyts
899 1477 1019 1537 yeprect,
1037 1467 1144 1521 dwelrlr
1166 1486 1215 1538 my
1235 1468 1286 1523 leet

62 1566 91 1604 er
107 1551 181 1605 ande
197 1552 242 1604 icit
258 1551 441 1618 wederroept;
460 1551 507 1602 iclr
524 1566 558 1602 en
575 1547 668 1602 hadde
690 1566 757 1618 myra
779 1549 899 1604 baecken
914 1557 978 1618 nyet
998 1550 1051 1604 wel
1071 1550 1216 1605 doorsorht
1229 1571 1237 1602 .·
1252 1566 1286 1621 ry
1327 1611 1328 1614 Ἴ

63 1632 167 1686 labben
178 1647 260 1688 recen
263 1635 331 1702 jaer
340 1632 463 1700 qeslotcn
472 1640 604 1699 gestam
623 1632 669 1684 iclr
687 1630 767 1685 belse
778 1648 817 1683 nu
830 1632 896 1686 dadt
913 1631 1068 1692 doersoedu
1081 1632 1152 1686 ende
1162 1633 1205 1686 at·
1221 1650 1286 1688 men

63 1733 82 1768 u
93 1714 172 1770 aleos
180 1724 265 1785 praet,
283 1722 448 1784 rocnccmpt
460 1730 539 1767 umen
550 1713 617 1767 stoel
629 1713 699 1767 ende
708 1715 919 1782 pamsrryctem
933 1714 1054 1784 ofdlyffi
1064 1717 1148 1767 sitien
1164 1715 1235 1769 ende
1251 1732 1286 1770 ιιι

64 1796 150 1852 stater·
160 1797 264 1866 eptem
277 1797 352 1864 pade
363 1812 413 1865 op,·
424 1797 469 1849 dte
480 1797 570 1850 licere
581 1811 609 1849 es
621 1794 853 1865 ontsermcrcticlr,
867 1794 927 1865 μὴν
942 1796 999 1908 sult
1016 1797 1087 1850 Hem
1104 1795 1224 1862 bidden,
1216 1805 1286 1852 ten

64 1879 115 1934 lect
126 1896 182 1935 aen
195 1879 286 1950 pheon
303 1889 407 1933 vasten.

96 1963 190 2029 Super
201 1965 309 2015 decimo
322 1966 424 2015 octavo
431 1962 586 2026 incipiente
604 1963 674 2013 Item
690 1958 740 2014 ctat
756 1975 822 2014 men
839 1960 885 2014 dte
901 1959 1041 2030 telphon
1053 1963 1107 2015 etc
1111 1963 1286 2027 ‚respondet

63 2059 93 2098 se
110 2046 186 2098 bene
203 2046 368 2098 audivisse'
360 2059 390 2096 ιιι
407 2057 538 2096 sermone
559 2045 612 2108 rej,
631 2044 706 2107 quod
731 2057 795 2094 reus
818 2044 890 2095 dixit
909 2042 1014 2110 populo
1032 2044 1086 2097 hec
1103 2045 1189 2096 verba
1209 2062 1214 2096 :
1238 2045 1288 2096 Die

62 2125 212 2196 teyttqtm
229 2144 263 2180 cn
279 2126 382 2180 hebben
398 2124 499 2193 eptem
515 2124 607 2178 martit
618 2139 683 2178 ooer
699 2139 750 2178 ona
761 2136 786 2178 re
802 2124 920 2188 tridatem
935 2142 980 2194 aoy
991 2141 1025 2178 cn
1036 2124 1170 2178 beboeoan
1182 2123 1285 2194 cybaea

62 2211 241 2279 rocrspralte.
254 2208 398 2279 Vertwitelt
410 2208 498 2268 rotet,
507 2206 569 2261 God
580 2208 639 2261 wilt
650 2207 740 2260 atteen
747 2206 871 2275 peterten
881 2223 943 2275 syn.
956 2208 1000 2260 En
1011 2208 1055 2262 sat
1063 2209 1108 2261 iclt
1119 2225 1138 2261 u
1151 2223 1287 2261 nomme·-

62 2308 140 2345 mecr
150 2293 298 2358 asconnen
307 2290 479 2358 pbebrinyen
493 2290 538 2342 die
547 2289 671 2358 boytena
683 2295 721 2360 ost
729 2289 775 2342 dic
784 2289 926 2356 rallinytc
937 2306 993 2343 nan
1005 2291 1059 2343 den
1069 2306 1149 2344 senen
1156 2290 1286 2358 psalmes

63 2377 103 2443 oft
113 2376 159 2427 dte
167 2374 324 2443 plebeam
340 2391 394 2427 van
410 2377 463 2425 den
475 2370 622 2441 teytiqent
635 2373 716 2439 Coopt
728 2388 781 2425 ran
794 2372 840 2425 die
851 2375 957 2425 nkuwe
968 2371 1112 2441 annycty
1124 2374 1285 2434 dorostena,

63 2457 136 2510 ende
148 2458 213 2510 locst
226 2458 295 2510 decr
305 2460 379 2516 inne,
393 2471 442 2509 soc
452 2461 542 2522 moeqt
551 2454 610 2523 phy
621 2454 669 2507 dat
678 2454 821 2523 Ecanyety
829 2462 962 2507 ceratam.
977 2455 1036 2506 Nee
1048 2455 1132 2507 aliter
1144 2456 1286 2520 deponere

63 2541 119 2591 scit
137 2541 173 2592 de
191 2540 352 2605 hujusmodi
370 2538 484 2590 articuli
500 2538 651 2598 contentis,
669 2528 788 2588 causam*
803 2537 940 2588 scientiae
959 2537 1081 2588 reddens
1101 2551 1153 2602 per
1172 2551 1215 2598 ea.
1232 2551 1287 2602 que

63 2623 262 2686 predeposuit.
1044 2638 1046 2644 ⁴

97 2703 192 2767 Super
202 2703 384 2770 generalibus
400 2702 562 2767 respondet,
582 2703 658 2766 quod
674 2703 718 2753 est
734 2702 826 2762 etatis,
845 2700 1016 2752 conditionis
1033 2701 1063 2752 et
1079 2703 1194 2754 fortune
1210 2701 1287 2753 suffi-

66 2786 221 2849 cientium;
240 2785 343 2837 adalia
360 2786 493 2851 negative
508 2786 672 2850 respondet

100 2868 139 2920 Et
155 2869 220 2931 luit,
239 2873 293 2920 etc.

102 3032 185 3086 VlIJ.
221 3031 311 3088 Soeta.
340 3031 441 3083 relicta
461 3033 602 3097 quondam
622 3032 768 3098 Wilhelmj
791 3033 899 3099 Begge‚
929 3043 1020 3095 prope
1039 3032 1069 3081 et
1089 3031 1171 3081 extra
1190 3029 1286 3093 oppidi

62 3116 219 3181 Bergensis
235 3115 442 3178 supraZomam
462 3128 648 3177 commorans,
666 3117 747 3167 testis
764 3117 858 3175 citata,
879 3113 1025 3180 producta,
1046 3115 1170 3176 recepta,
1182 3111 1288 3176 juravit

64 3201 98 3249 ut
109 3198 267 3262 precedens
279 3199 308 3248 et
319 3201 420 3262 expost
432 3197 531 3248 eodem
544 3197 589 3248 die
602 3198 770 3257 examinata,
784 3198 915 3261 deposuit
927 3199 1010 3262 prout
1023 3195 1151 3259 sequitur
1164 3209 1171 3245 ε
1246 3206 1250 3217 ’

98 3280 138 3332 Ει
149 3281 179 3330 in
191 3280 290 3344 primis
307 3280 424 3330 reducto
442 3281 506 3343 etc,
520 3292 605 3343 super
623 3281 726 3329 noticia
738 3281 862 3344 partium
880 3281 934 3330 etc.
958 3281 987 3329 et
1004 3277 1232 3343 interrogatorijs
1252 3290 1288 3329 ex

65 3362 188 3413 adverso
206 3361 279 3412 datis
290 3375 329 3410 an
345 3377 380 3412 aa
391 3363 425 3412 att
443 3360 633 3422 indemnem,
652 3361 829 3425 interrogata
846 3361 926 3411 testis
943 3360 1106 3426 respondet,
1117 3360 1288 3423 quod‘reum

64 3443 166 3495 multis
183 3443 264 3494 annis
277 3444 354 3493 novit
365 3443 399 3493 ab
412 3456 446 3493 eo
459 3441 568 3494 scilicet
580 3445 717 3507 tempore,
735 3456 789 3506 quo
807 3443 862 3493 luit
873 3445 968 3494 custos
987 3440 1106 3493 ecclesie
1123 3440 1297 3506 princi-pulis>

64 3525 137 3576 dicti
156 3525 233 3588 opidi
247 3525 409 3589 Bergensis,
422 3525 625 3589 producentem
637 3539 704 3576 vero
716 3538 772 3575 non
785 3525 889 3588 noscit;
908 3524 943 3576 ad
955 3523 1012 3575 alia
1023 3524 1153 3588 negative
1169 3536 1286 3588 respon·
1300 3554 1303 3560 ·

65 3609 116 3659 det
133 3606 347 3672 particulariter
358 3609 386 3657 et
398 3607 510 3657 divisim
525 3607 710 3671 respondens.

100 3690 194 3754 Super
211 3690 330 3741 materia
348 3690 538 3753 producendi,
560 3693 590 3740 et
607 3691 698 3754 primo
721 3703 806 3754 super
822 3689 956 3740 vicesimo
974 3688 1066 3754 primo
1081 3687 1203 3740 articulo
1220 3689 1290 3740 iuci-

65 3774 166 3838 piente
185 3772 271 3824 Prout
286 3770 418 3823 similiter
430 3772 594 3839 dampnavit
611 3774 853 3839 peregrinationes
870 3773 936 3832 etc,
949 3772 1109 3823 examinata
1129 3773 1209 3823 testis
1225 3784 1287 3823 res·

25 3848 28 3855 '
66 3855 183 3920 pondet,
196 3868 226 3906 se
238 3855 311 3906 bene
328 3854 479 3913 audivisse,
498 3854 570 3918 quod
582 3868 649 3905 rcus
666 3856 695 3904 in
714 3855 892 3905 sermonibus
909 3855 968 3905 suis
986 3854 1148 3918 dampnavit
1163 3855 1289 3920 peregri-

68 3937 210 3997 nationes,
223 3937 319 3988 dicens
331 3937 406 4000 quod
418 3936 508 3987 multa
524 3936 599 3987 mala
612 3938 783 4003 contingunt
798 3937 828 3986 in
845 3936 1135 4001 peregrinationibus.
1160 3937 1290 4000 quodque

67 4019 165 4084 potius
175 4018 312 4070 deberent
324 4019 378 4083 dicj
390 4017 618 4078 dencheswrdea,
632 4019 737 4070 addens
750 4019 825 4070 idem
837 4032 905 4070 reus
916 4019 1001 4082 quod,
1012 4019 1036 4069 si
1048 4032 1151 4084 ymago
1163 4017 1291 4069 crucifixi

67 4104 99 4154 iu
110 4101 228 4168 villagio
241 4103 276 4153 de
289 4101 427 4165 Sprundel
439 4103 529 4153 tribus
539 4102 627 4153 leucis
637 4103 671 4153 ab
684 4103 768 4167 opido
778 4103 905 4166 pretacto
916 4102 1047 4160 distante,
1061 4103 1096 4152 ad
1108 4114 1191 4165 quam
1203 4100 1291 4152 multe

68 4184 317 4251 peregrinationes
329 4185 409 4244 flunt,
423 4183 499 4235 esset
516 4186 610 4235 secata
628 4187 656 4236 et
667 4185 766 4242 divisa.
784 4185 844 4249 ipse
860 4197 928 4236 reus
947 4185 983 4235 ad
1000 4184 1119 4235 eandem
1131 4183 1291 4249 ymaginem

68 4282 101 4319 se
112 4268 187 4319 bene
198 4266 381 4331 caletaceret3
395 4280 507 4319 causam
520 4268 655 4321 scientiae
668 4269 799 4328 reddens,
813 4269 879 4332 quia
895 4269 958 4332 ipsa
967 4267 1047 4318 testis
1064 4269 1190 4332 pretacte
1201 4267 1293 4332 predi·

71 4349 179 4414 cationi
192 4349 333 4401 interluit

102 4431 299 4482 Pretermissis
309 4430 371 4495 alijs
384 4431 510 4483 articulis
513 4447 615 4497 ,super
624 4434 725 4497 quibus
737 4433 816 4484 testis
827 4446 883 4483 non
891 4432 1068 4496 producitur,
1076 4432 1105 4482 et
1116 4431 1293 4496 interrogata

69 4527 160 4583 super
180 4512 363 4584 generalibus
386 4515 541 4591 stragem,
559 4516 636 4577 dicit,
654 4515 898 4585 utsupra‚quod
904 4515 948 4566 est
964 4515 1102 4570 bonorum
1123 4512 1245 4565 nominis
1262 4515 1292 4567 et
