3224 5400
192 479 245 532 248
716 476 818 530 ANNO
838 476 902 527 1527

194 657 240 695 ses
257 643 361 708 dagon,
379 643 408 693 te
426 643 540 693 weten:
560 642 606 693 die
625 641 781 706 substituyt
798 643 841 693 tot
857 640 971 693 achtien
989 641 1102 692 stuvene
1120 641 1195 693 ende
1211 638 1407 692 eiekediomer

192 727 236 777 tot
247 738 293 776 see
305 725 416 775 stuvene
434 722 560 787 sdaiohs3
578 724 652 775 ende
670 736 722 774 van
741 725 801 787 scip
819 724 892 775 ende
908 722 1098 788 -wagenhuyr,
1117 723 1299 774 monteosten
1314 734 1365 772 ran
1378 722 1407 774 de

192 821 263 859 vrou
281 806 353 858 ende
372 806 485 865 andere,
498 804 563 857 aoht
577 807 690 870 ponden
708 820 744 856 xv
762 808 797 855 st.
812 818 866 855 van
882 804 912 855 xl
930 806 1051 870 groteu3
1069 803 1230 869 belopende
1249 805 1353 855 namen
1369 804 1407 856 die

194 972 236 1020 tot
256 968 322 1021 ucht
345 971 456 1020 stuvers
479 969 575 1033 sdcigs
597 968 634 1032 bij
661 969 716 1018 den
739 981 832 1019 vcors.
857 969 1012 1034 substituyt
1034 966 1162 1020 beteeldt
1185 967 1308 1019 Andriee
1330 967 1408 1019 doidt

194 1051 325 1112 scalcxz„
347 1051 557 1106 deurwcerder‚
574 1065 619 1100 om
640 1052 777 1101 tvoerscr.
802 1051 983 1102 mandement
1003 1064 1055 1101 van
1076 1050 1251 1102 reiormacie
1271 1051 1299 1101 te
1322 1063 1406 1101 execu-

194 1137 287 1191 teren‚
308 1132 468 1197 blyokoude
485 1132 522 1195 bij
543 1132 755 1183 dordonnancie
773 1132 837 1183 hier
855 1130 1060 1197 overgelevert,
1080 1132 1110 1182 in
1128 1132 1195 1183 date
1213 1131 1270 1183 den
1287 1133 1334 1195 vij·
1349 1131 1406 1196 Jniy

194 1230 269 1267 anno
284 1215 374 1278 κινῇς
386 1227 556 1265 waerommc
574 1213 696 1277 hierax]
711 1213 734 1270 ffl
747 1215 788 1278 iiij
802 1215 837 1266 st.

460 1325 654 1391 Rijksarchiei
676 1328 704 1377 te
726 1327 746 1376 ’s
770 1326 967 1392 Gravenhage,
988 1325 1017 1376 8·
1041 1324 1190 1394 Remitte
1212 1342 1270 1380 eon
1291 1326 1342 1380 den
1361 1334 1406 1378 ont·

490 1423 596 1475 vunger
617 1407 667 1460 der
686 1407 826 1474 eoptoiten
848 1407 935 1474 (1527)
959 1405 1066 1474 [Δηιὼν
1088 1416 1244 1476 ouytyeeen
1267 1425 1321 1463 ean
1341 1424 1406 1462 noeo-

491 1492 560 1549 cien,
574 1487 656 1555 ena.]‚
670 1488 720 1540 iol.
733 1490 774 1554 iiij
788 1503 880 1542 verso.

763 1711 855 1779 eto.

247 1926 352 1999 1527,
373 1916 555 1986 Februari
578 1918 694 1985 7-Juzt
714 1927 748 1996 8,
772 1922 800 1984 'a
820 1916 1067 2003 Graoentage.
1088 1918 1266 2005 Rekening
1280 1917 1405 1987 venien

197 2024 297 2110 cipier
318 2023 376 2090 der
401 2025 587 2111 Voorpoort
610 2044 691 2091 over
714 2024 754 2091 de
778 2020 1099 2111 gerungeniskosten
1123 2041 1188 2089 van
1212 2021 1254 2089 de
1278 2020 1408 2089 ketteriu

201 2125 327 2193 Aeohte
341 2125 608 2194 Jacobsdoohter.

230 2275 272 2326 De
284 2276 383 2340 cypier
394 2277 484 2327 vande
496 2277 672 2341 Voerpoerte
685 2291 739 2328 vau
753 2277 839 2328 deson
853 2275 943 2337 Hove,
957 2288 1012 2327 van
1024 2273 1219 2327 theerooaten.
1229 2308 1237 2325 .
1246 2288 1272 2325 .:

229 2356 320 2417 Noch,
332 2371 386 2408 van
399 2357 507 2409 Aechte
518 2358 623 2410 Jacobs
641 2358 787 2415 decutere,
799 2358 846 2410 die
863 2356 986 2423 gelegen
1004 2356 1084 2409 heeit
1094 2370 1133 2422 up
1145 2370 1200 2409 een
1217 2370 1315 2409 oamer
1328 2354 1412 2407 sedent

198 2438 253 2490 don
266 2439 316 2503 vij·
332 2439 480 2505 February
498 2454 595 2491 voern.
615 2442 658 2492 tot
675 2442 728 2492 den
747 2441 789 2491 ix·
805 2439 873 2505 Jnly
891 2439 1032 2504 exoluyca,
1050 2439 1220 2492 maickcnde
1239 2440 1295 2492 den
1312 2440 1354 2504 tyt
1368 2450 1412 2489 vau

197 2537 212 2572 c
225 2536 261 2572 en
274 2519 303 2584 iij
317 2522 427 2587 daegen
440 2523 483 2572 tot
493 2523 554 2574 vier
566 2524 677 2574 stuvers
693 2523 799 2588 edaiga,
812 2523 882 2573 iacit
892 2535 950 2574 xxx
962 2519 985 2578 6
997 2522 1044 2587 viti
1059 2523 1095 2574 et.
1108 2524 1156 2574 ten
1167 2535 1256 2588 pryne
1267 2534 1357 2574 roera

459 2635 654 2699 Rijksarchici
677 2638 705 2688 te
728 2637 748 2687 ’s
772 2636 968 2704 Gravenhage,
993 2637 1175 2703 Rokeningm
1202 2651 1261 2689 ean
1289 2634 1343 2688 den
1364 2640 1412 2687 out

489 2732 597 2785 vunger
614 2717 665 2769 der
682 2716 823 2785 eeploiten
841 2721 871 2770 in
890 2717 1017 2772 Helland
1034 2717 1121 2785 (lem)
1133 2717 1244 2786 [Ander
1254 2715 1413 2786 eumdem

491 2813 545 2851 oon
560 2798 699 2851 oerteerde
710 2808 809 2857 costen.
822 2803 903 2864 enz.],
915 2800 965 2852 iol.
979 2800 1070 2865 lxxiii

766 3022 858 3088 626.

250 3237 356 3310 1527,
380 3230 507 3297 Maart
527 3237 572 3296 21
591 3227 784 3308 611111ἰὶ8,
812 3228 1008 3318 Doeseurq.
1037 3232 1293 3321 Aanteekeniug
1315 3233 1361 3303 uit
1380 3232 1414 3300 de

196 3335 415 3424 gelijktijdige
432 3333 718 3402 kloosterkroniek
731 3354 796 3402 van
810 3335 868 3403 het
879 3334 1073 3404 Fraterhuie
1086 3355 1152 3403 vau
1164 3334 1416 3422 Doecburgoter

195 3438 255 3505 het
272 3426 502 3505 ¹ontuluchten
536 3456 599 3503 van
631 3441 719 3504 twee
747 3436 916 3505 broeders.
941 3439 1049 3505 -De
1081 3457 1139 3504 eeu
1173 3438 1316 3504 vertrok
1343 3456 1417 3505 naar

195 3539 347 3616 Utreeht.
384 3539 424 3606 de
452 3539 556 3606 ander
585 3539 708 3605 keerde
736 3560 819 3606 naar
845 3541 909 3627 ziju
938 3539 1101 3626 vaderlijk
1130 3539 1206 3606 huia
1232 3543 1347 3627 terug,
1373 3543 1417 3607 tot

196 3644 264 3710 niet
287 3642 426 3729 geringe
451 3641 781 3729 verontweardiging
810 3642 869 3710 der
895 3643 1018 3732 aiJnen.
1049 3641 1169 3708 Beiden
1193 3640 1326 3709 haddon
1347 3641 1419 3709 door

196 3751 309 3818 hunno
324 3748 537 3835 zonderlinge
552 3749 737 3835 gedachten
754 3769 794 3816 en
812 3749 1035 3837 handelwijae
1052 3747 1147 3815 reede
1162 3747 1244 3835 lang
1260 3752 1377 3818 onrnot
1391 3747 1420 3813 iu

196 3853 257 3921 het
272 3852 422 3920 klooster
439 3852 603 3919 verwekt.

230 4001 313 4052 Anno
334 4001 463 4065 praefato
482 3999 534 4067 [m0
554 4008 648 4051 cccco⁰
667 4002 768 4065 xxvije]
790 3998 956 4065 Ludolphus
977 4000 1101 4052 Lochem
1121 4000 1151 4052 et
1166 3999 1334 4054 Rottardua
1349 4003 1427 4061 Zocr,

196 4080 307 4145 clerici,
331 4083 585 4148 congregationem
608 4085 735 4135 noctram
758 4085 962 4146 deseruerunt3
994 4095 1114 4147 quorum
1137 4080 1311 4149 Ludolphue
1333 4087 1365 4138 in
1385 4086 1429 4138 die

195 4165 345 4218 Benedicti
363 4166 527 4218 Traiectum
544 4169 691 4231 proiectus
710 4170 768 4232 est;
787 4168 869 4226 alter.
888 4168 1047 4219 Rottardus
1064 4165 1138 4225 seii..
1156 4166 1185 4217 in
1205 4167 1254 4219 die
1273 4168 1387 4222 Killani
1401 4170 1430 4222 in

195 4249 310 4298 domum
333 4250 481 4311 paternam
504 4250 670 4314 regreditur
693 4264 755 4300 cum
778 4263 893 4300 suorum
916 4249 1113 4315 indignatione
1136 4249 1166 4299 et
1188 4251 1431 4305 execrationem

195 4330 362 4381 contusione
384 4345 440 4380 non
461 4331 586 4381 minima.
611 4331 656 4394 Hij
676 4333 782 4383 etenim
803 4332 851 4383 diu
871 4345 923 4382 sua
942 4330 1152 4396 singularitate,
1170 4343 1224 4382 sua
1241 4346 1390 4386 novorum
1405 4338 1433 4386 et

196 4413 428 4462 inconsuetorum
438 4413 721 4477 praesumptionem,
732 4416 765 4464 ut
773 4414 813 4465 ita
822 4414 923 4471 dicam.
934 4426 985 4464 sua
994 4410 1081 4463 stulta
1089 4411 1232 4477 sapientia
1243 4415 1433 4472 domesticam

198 4506 298 4559 pacem
315 4496 526 4546 commoverant
538 4496 566 4546 et
578 4496 619 4547 ita
630 4496 878 4560 conturbaverant,
895 4499 926 4547 ut
941 4495 1043 4548 iisdem
1059 4495 1264 4548 recedentibus
1277 4500 1312 4550 et
1322 4500 1434 4567 tugien-
