3224 5400
339 460 386 512 122
856 462 961 517 ANNO
980 461 1044 515 1526

337 624 529 689 personaliter
539 624 712 675 constitutus
728 623 758 675 in
775 623 900 691 capitulo
919 624 1058 678 ecclesiae
1076 624 1267 679 Tornaceusis
1285 627 1469 680 honorabilis
1480 628 1557 681 etdls

336 708 433 758 cretus
458 706 595 772 magister
621 706 768 758 iohannes
792 707 946 770 corvilain‚
976 709 1112 771 tanquam
1138 709 1310 773 procurator
1340 711 1372 761 ct
1400 723 1436 762 eo
1460 712 1559 763 nomine

337 788 568 840 reverendissimi
588 788 617 838 in
635 788 748 839 Christo
767 790 856 852 patris
874 792 903 840 ct
920 789 1027 840 domini
1045 791 1152 841 domini
1170 791 1266 844 caroli
1287 793 1323 845 de
1342 792 1430 859 Oroy,
1450 794 1561 859 episcopi

338 870 538 929 Tornacensis,
551 870 600 934 qui
618 871 701 921 dictis
713 870 835 921 dominis
848 871 883 922 de
895 870 1021 935 capitulo
1040 873 1238 938 capitulariter
1248 875 1451 941 congregatis,
1468 876 1560 928 decano

339 953 466 1011 absente,
496 953 605 1003 seriose
631 952 764 1016 exposuit
782 967 788 1003 :
813 953 898 1016 quod,
926 952 995 1004 licet
1020 953 1091 1005 alias
1119 955 1202 1005 dictis
1228 955 1355 1007 dominis
1384 956 1421 1009 de
1450 957 1560 1022 capitulo

338 1036 405 1085 ante
424 1034 569 1086 sentencie
590 1033 781 1097 prolationem
800 1034 830 1084 in
847 1047 932 1086 causa
953 1033 1065 1087 heresis
1088 1037 1189 1087 contra
1213 1038 1388 1104 magistrum
1410 1037 1561 1090 Joliannem

339 1116 379 1167 Le
399 1116 480 1177 (irat,
498 1114 707 1181 presbyterum,
726 1118 856 1167 curatum
875 1117 909 1166 de
928 1114 1007 1167 Orka
1025 1118 1109 1182 juxta
1126 1117 1299 1178 Tornaeum,
1316 1122 1562 1181 remonsmverst,

338 1198 413 1262 quod
426 1197 504 1248 illius
515 1211 600 1248 cause
612 1186 719 1248 noticia
731 1199 760 1249 et
772 1199 898 1262 cognitio
911 1200 1059 1264 spectabat
1070 1202 1100 1250 et
1111 1200 1275 1264 pertinebat
1287 1201 1322 1254 de
1333 1201 1403 1266 jnre
1414 1203 1454 1254 ad
1470 1202 1563 1254 dicum

337 1280 606 1331 reverendissimum
620 1279 766 1329 dominum
777 1279 986 1332 'tornacensem
1005 1284 1042 1340 et,
1063 1295 1119 1333 non
1138 1282 1270 1335 obstante
1283 1282 1458 1347 huiusmodi
1468 1297 1565 1336 remon·

339 1363 488 1422 amatione,
506 1363 561 1426 ipsi
579 1362 686 1412 domini
705 1362 740 1414 de
757 1361 883 1426 capitulo
901 1363 937 1414 ad
954 1363 1030 1414 dicte
1047 1364 1193 1416 sentencie
1211 1363 1366 1417 diffinitive
1384 1364 1564 1431 prolationem

339 1446 440 1497 contra
459 1444 590 1496 eumdem
610 1443 650 1495 Le
669 1443 742 1494 Grut
761 1447 970 1508 processerant,
992 1446 1067 1497 unde
1091 1445 1183 1496 dictus
1205 1447 1381 1511 procurator
1399 1449 1564 1512 protestatus

336 1528 432 1578 iuerat
443 1528 473 1578 et
484 1524 686 1590 appellaverat,
699 1527 734 1577 ab
747 1525 911 1590 eisdemque
923 1528 996 1577 citra
1007 1527 1134 1592 gratiose
1146 1527 1288 1592 petiverat
1299 1529 1482 1581 statutorum
1492 1529 1564 1594 prid·

288 1657 290 1660 a
337 1609 536 1675 legionumque
545 1621 645 1659 eorum
657 1607 872 1666 exhibitionem,
886 1607 962 1672 quod
973 1610 1069 1660 tacere
1081 1611 1293 1669 recusaverant,
1307 1609 1475 1676 allegantes
1485 1610 1564 1662 solum

337 1691 548 1756 possessionem
564 1692 594 1740 et
610 1690 855 1748 consuetudinem,
869 1691 962 1741 dictus
973 1692 1142 1754 procurator
1155 1691 1249 1742 denuo
1262 1691 1348 1755 petiit
1360 1694 1392 1744 et
1407 1692 1564 1744 exhortatus

338 1775 383 1825 est
399 1773 526 1836 prelatos
547 1772 677 1822 dominos
698 1772 733 1822 de
753 1771 878 1835 capitulo
899 1773 934 1822 ad
954 1771 1049 1823 litium
1067 1773 1213 1824 anfractus
1233 1773 1412 1834 evitandum,
1435 1777 1564 1838 quatenus

339 1853 481 1907 amicabili
492 1855 538 1904 via
550 1866 696 1904 assumere
708 1852 815 1904 vellent
827 1853 951 1917 aliquem
963 1855 1097 1918 peritum,
1111 1855 1160 1918 qui
1178 1868 1235 1906 una
1253 1868 1319 1905 cum
1336 1857 1514 1908 assumendo
1523 1869 1565 1922 per

338 1937 445 1988 dictum
457 1936 727 1987 reverendissimum
740 1936 885 1986 dominum
904 1936 1115 1988 'tornacensem
1132 1949 1196 1988 sese
1214 1937 1373 1989 summarie
1384 1938 1566 1991 intermarant

338 2021 374 2071 de
391 2018 468 2069 dicta
485 2017 610 2083 allegata
626 2031 678 2081 per
695 2031 745 2068 eos
763 2018 979 2077 consuetudine,
998 2020 1030 2069 ut
1047 2018 1141 2082 ipsum
1159 2019 1312 2084 negocium
1331 2019 1566 2086 postbujusmodi

336 2100 540 2152 informatione
553 2098 723 2163 simpliciter
741 2101 771 2150 et
786 2099 821 2150 de
832 2098 918 2163 plano
936 2100 1101 2152 diffluerent
1112 2102 1142 2151 et
1153 2101 1354 2157 terminarent,
1370 2102 1410 2162 et,
1428 2102 1458 2154 si
1474 2102 1566 2155 dcun

337 2183 413 2235 viam
424 2182 603 2240 recusarent,
615 2181 829 2245 protestabatur
841 2194 988 2246 expresse,
1000 2183 1075 2246 quod
1092 2182 1264 2247 perdicium
1276 2182 1428 2235 dominum
1439 2197 1565 2238 reveren·

339 2265 488 2316 dissimum
500 2263 711 2315 Tornacensem
724 2276 780 2313 non
793 2264 850 2314 stat
862 2264 1012 2326 quominus
1024 2263 1060 2314 lis
1078 2266 1108 2315 et
1124 2263 1287 2315 differentia
1303 2264 1361 2316 ista
1373 2265 1520 2318 amicabili
1529 2266 1567 2317 via

340 2347 520 2405 terminetur,
533 2347 583 2397 sed
594 2346 640 2410 jus
653 2359 736 2396 suum
744 2346 879 2409 persequi
890 2344 1121 2410 compelleretur.
1136 2344 1244 2404 Quibus
1257 2346 1392 2398 omnibus
1404 2347 1450 2412 (ut
1460 2348 1566 2414 premit·

340 2429 421 2493 titur)
433 2428 581 2492 expositis,
594 2427 663 2478 dicti
675 2427 783 2478 domini
796 2429 830 2479 dc
842 2427 977 2491 capitulo,
996 2430 1108 2478 matura
1123 2427 1332 2480 deliberatione
1344 2428 1510 2494 prehabita,
1521 2443 1566 2495 per

339 2523 480 2576 organum
491 2508 668 2561 honorabilis
679 2509 734 2560 viri
746 2510 854 2559 domini
866 2508 996 2567 Quintini
1008 2509 1044 2560 de
1062 2508 1187 2574 (lapella,
1201 2509 1332 2561 canonici
1348 2511 1381 2562 et
1396 2511 1565 2576 presidentis

340 2593 409 2644 dicti
426 2591 555 2656 capituli,
573 2591 784 2656 responderunt
800 2604 852 2655 per
869 2590 984 2642 modum
1000 2592 1251 2643 remonstrationis
1269 2592 1410 2658 gratiose,
1422 2593 1501 2657 quod
1515 2595 1567 2658 jam

338 2675 483 2726 instabant
495 2674 556 2726 dies
568 2673 739 2731 devotionis,
752 2673 906 2737 propterea
916 2674 1053 2739 rogantes
1065 2674 1172 2724 dictum
1181 2673 1458 2725 reverendissimum
1471 2674 1567 2727 Torna-

338 2770 463 2818 censem,
481 2757 621 2820 quatenus
638 2768 691 2819 pro
709 2756 843 2819 presente
863 2768 950 2818 super
969 2756 1155 2820 responsione
1172 2756 1264 2821 petita
1277 2755 1451 2820 patientiam
1468 2755 1567 2809 habers

339 2837 426 2891 vellet
437 2840 467 2889 et
478 2837 648 2903 dignaretur
660 2849 750 2899 usque
762 2836 797 2885 ad
808 2836 883 2887 testa
901 2835 1032 2886 Pascalia
1043 2837 1173 2900 proxime
1184 2837 1315 2895 ventura,
1328 2849 1387 2900 quo
1399 2839 1471 2890 tunc
1481 2852 1569 2904 spera·

339 2920 418 2982 bant,
439 2920 499 2972 Deo
523 2918 692 2983 opitulante,
716 2931 787 2983 erga
808 2931 888 2968 suam
916 2918 1184 2969 reverendissimam
1213 2918 1441 2970 dominationem
1466 2922 1568 2971 tantvm

338 3002 454 3055 efficere
477 3016 562 3066 quam
582 3014 635 3066 per
656 3000 760 3052 bonam
780 3000 1066 3052 communicationem
1086 3000 1237 3066 negocium
1257 3000 1468 3066 supradictum,
1497 3001 1568 3053 salvo

337 3085 403 3150 iure
420 3083 584 3150 cujuslibet,
606 3084 652 3134 via
676 3081 818 3134 amicabili
839 3081 1047 3146 pacificaretur.
1067 3081 1109 3132 De
1129 3082 1159 3132 et
1175 3093 1262 3146 super
1281 3081 1386 3145 quibus
1407 3082 1568 3145 praemissis

339 3166 470 3218 omnibus
482 3167 512 3218 ct
523 3165 645 3231 singulis
657 3164 815 3229 prelibatus
827 3164 996 3228 procurator
1008 3161 1241 3213 reverendissimi
1253 3161 1362 3213 domini
1379 3161 1568 3216 Tornacensis

337 3247 423 3314 petiit
440 3261 457 3299 a
473 3261 520 3300 me
537 3247 649 3298 notario
668 3245 829 3310 subscripto
847 3245 902 3295 sibi
914 3244 979 3294 fleri
996 3244 1080 3307 atque
1092 3243 1167 3294 tradi
1184 3241 1330 3308 publicum
1347 3243 1569 3297 instrumentum

339 3346 427 3385 unum
439 3332 484 3384 vel
495 3331 589 3397 plura.

371 3415 444 3467 Acta
462 3414 581 3466 luerunt
597 3413 651 3465 hec
668 3414 697 3464 in
716 3414 791 3464 dicto
809 3411 934 3476 capitulo
952 3410 1092 3463 ecclesiae
1110 3410 1310 3469 Tornacensis,
1323 3422 1412 3473 anno,
1425 3421 1527 3461 mense
1545 3410 1571 3459 et

338 3497 506 3562 pontificatu
523 3496 703 3560 prescriptis,
721 3495 903 3560 presentibus
915 3494 1021 3544 ibidem
1039 3493 1171 3544 discretis
1188 3492 1258 3543 viris
1275 3489 1413 3556 Philippo
1432 3490 1570 3556 Sauvage,

339 3579 419 3630 curie
431 3578 622 3630 ‘l'ornacensis
633 3578 770 3642 practico,
789 3578 819 3628 et
836 3574 933 3627 Natali
951 3576 986 3627 de
1006 3574 1107 3639 Torsy,
1121 3574 1264 3637 quondam
1281 3572 1361 3624 curie
1379 3572 1572 3626 Tornacensis

340 3660 459 3726 cipario,
472 3660 593 3711 testibus
605 3661 640 3710 ad
652 3660 792 3725 premissa
803 3658 910 3709 vocatis
923 3659 952 3709 et
963 3657 1081 3723 rogatis.

373 3824 411 3876 Et
427 3825 495 3888 quia
512 3837 567 3889 ego
584 3822 731 3874 iohannes
750 3822 785 3873 de
809 3822 869 3879 Cat,
892 3820 1014 3873 clericus
1039 3819 1236 3878 Tornacensis,
1258 3816 1390 3884 publicus
1416 3819 1575 3885 apostolica

341 3907 511 3959 auctoritate
524 3919 556 3957 ac
568 3904 738 3957 venerabilis
750 3905 830 3955 curie
843 3903 1033 3954 Tornacensis
1045 3901 1173 3953 notarius
1189 3901 1311 3964 juratus,
1324 3901 1478 3965 premissis
1489 3902 1575 3953 omni

340 3988 393 4039 bus
411 3991 442 4039 et
457 3987 579 4054 siugulis
596 4000 715 4051 presens
732 3987 762 4038 et
779 3983 969 4050 personaliter
986 3983 1104 4035 intertui
1121 3996 1211 4046 eaque
1228 3983 1270 4033 sic
1287 3982 1352 4033 lieri
1368 3982 1439 4045 vidi,
1458 3984 1533 4036 scivi
1548 3985 1577 4035 et

343 4071 447 4135 audivi,
459 4071 566 4121 idcirco
584 4069 650 4121 huic
662 4068 791 4133 presenti
808 4066 922 4132 publico
942 4067 1131 4117 instrumento
1149 4079 1214 4116 mea
1229 4065 1443 4131 manuscripto
1461 4067 1576 4134 signum

341 4167 436 4205 meum
448 4151 589 4209 manuale,
603 4153 632 4202 in
649 4151 754 4201 talibus
767 4149 831 4200 lieri
848 4148 974 4205 solitum,
988 4147 1117 4211 apposui.
1135 4146 1190 4198 Hic
1206 4160 1252 4198 me
1269 4147 1387 4212 propria
1404 4161 1497 4201 mann
1515 4149 1579 4201 sub-

341 4235 484 4287 scribente
496 4235 526 4285 in
539 4234 624 4285 tidem
637 4235 667 4284 et
677 4232 872 4284 testimonium
883 4230 1088 4294 premissorum
1100 4229 1256 4291 requisitus
1268 4229 1298 4281 et
1308 4230 1442 4296 rogatus.

1081 4335 1099 4387 J
1102 4334 1229 4387 ohannes
1240 4336 1276 4388 de
1288 4335 1350 4395 cat,
1362 4336 1384 4386 t.
1398 4335 1546 4391 Niohasii.

603 4482 799 4548 Rijksarcbici
811 4482 839 4533 te
852 4479 979 4541 Brussel,
993 4469 1098 4531 ababa
1110 4477 1145 4531 de
1157 4480 1290 4539 Tournoi,
1304 4489 1333 4531 ur
1346 4478 1425 4531 lass.
