3224 5400
597 489 697 544 ANNO
717 488 780 541 1525
1266 494 1298 548 'tl

73 652 153 717 apud
165 667 217 706 uos
228 653 340 705 delatus
350 657 380 706 et
388 654 548 706 diffamatus
559 657 665 708 iueras.
678 655 939 721 informationcque
951 656 1049 709 habita
1060 669 1093 710 ac
1105 657 1176 710 actis
1184 659 1300 712 attentis

71 749 130 802 per
140 737 294 800 utrumque
305 737 403 789 liscum
414 738 560 802 productis
572 740 602 789 et
618 737 763 801 exhibitis,
783 739 912 799 dicimus,
933 740 1152 804 pronunciamus
1164 743 1194 793 et
1204 741 1302 794 decia·

72 831 175 870 ramus
186 821 215 870 te
226 819 262 870 do
273 820 402 884 predicta
418 818 495 872 secta
505 820 669 872 Lutheraoa
679 835 712 872 ac
724 822 869 873 erroribus
882 821 1038 873 hereticam
1050 823 1218 886 pravitatem
1234 838 1300 877 oon·

72 901 262 953 cernentibus
272 902 361 954 tuisse
373 903 402 955 et
414 915 477 954 esse
489 902 673 963 diffamatum,
684 906 713 954 et
721 904 786 955 ideo
803 904 906 955 merito
919 905 954 955 de
965 904 1102 968 predictis
1113 906 1259 959 erroribus
1271 909 1300 961 te

72 984 226 1050 corrigere
249 984 425 1037 deberemus.
447 984 519 1044 Quis
544 988 638 1037 tamen
658 988 759 1051 sponte
779 985 906 1050 obtulisti
930 985 1004 1039 velie
1027 986 1179 1040 emendare
1193 1001 1299 1055 eosque
1334 1053 1336 1058 ¹

72 1079 188 1125 omnes,
199 1067 226 1117 si
243 1067 291 1131 qui
303 1067 367 1128 sint,
379 1079 525 1129 revocare,
538 1081 571 1120 ac
583 1081 694 1120 omnem
714 1067 838 1121 heresim
849 1067 1042 1121 Lutherauam
1053 1071 1084 1121 et
1094 1081 1299 1137 quamcumque

72 1147 164 1202 dmm
177 1148 322 1213 abiurare3
335 1149 514 1202 attendentes
534 1149 610 1213 quod
629 1148 751 1201 ecclesia
769 1149 900 1202 Romans
916 1150 1021 1216 nemin]
1035 1149 1142 1203 claudit
1157 1152 1299 1218 mentium

72 1231 180 1297 sponte
191 1230 333 1296 redeunti,
343 1231 378 1282 de
390 1231 573 1296 providorum
584 1232 711 1283 virorum
718 1231 801 1283 nobis
809 1232 1003 1284 mittentium
1014 1231 1133 1285 consulo
1142 1247 1176 1285 ae
1186 1236 1300 1289 matura

70 1327 164 1380 super
176 1313 284 1365 cunctis
306 1315 378 1366 actis
400 1313 498 1365 habita
520 1313 736 1380 deliberatione,
758 1314 787 1365 te
807 1315 1019 1380 supradictam
1041 1316 1320 1375 revocationemet

71 1395 286 1448 abiuratiouem
307 1396 466 1448 taciendam
487 1397 650 1461 recipimus,
673 1395 778 1448 Christi
797 1397 912 1448 nomine
936 1397 1067 1450 invocato
1090 1411 1143 1463 pro
1161 1396 1296 1464 tribunali

70 1477 209 1536 sedentes
221 1490 254 1530 ac
265 1477 356 1530 solum
373 1479 464 1530 Deum
475 1481 505 1530 et
521 1479 665 1543 justiciam
685 1492 738 1544 pre
756 1477 846 1530 oculis
864 1478 1011 1538 habentes,
1036 1480 1064 1533 te
1082 1481 1118 1532 ad
1139 1480 1296 1545 predictam

70 1561 286 1613 revocationem
299 1564 328 1614 et
336 1561 542 1612 obturationem
551 1560 747 1613 taciendamin
759 1559 815 1612 hoc
825 1559 888 1612 loco
897 1561 965 1614 etin
975 1561 1075 1628 Ber-gis
1083 1574 1180 1615 coram
1189 1562 1296 1616 decano

70 1644 104 1696 et
115 1638 293 1695 assumendis
304 1657 356 1708 per
367 1657 432 1695 eum
444 1644 513 1694 viris
524 1644 672 1707 utriusque
683 1645 773 1695 status
785 1642 986 1695 ecclesiasticis
998 1645 1028 1696 et
1038 1642 1215 1696 secularibus
1231 1659 1297 1697 con·

71 1726 261 1792 dampnamus
273 1728 302 1778 et
313 1727 431 1790 insuper
447 1727 475 1776 te
493 1725 528 1777 ab
545 1726 621 1791 omnj
639 1726 784 1777 sentencia
795 1726 1096 1778 excommunicationis
1110 1740 1221 1780 necnon
1232 1728 1297 1793 qui·

69 1808 250 1872 buscumque
268 1809 397 1859 censuris
409 1807 600 1871 absolventes3
613 1821 665 1871 pro
675 1807 790 1873 speciaij
803 1808 965 1872 penitencia
976 1821 1028 1874 per
1040 1803 1159 1860 eandem
1169 1811 1295 1872 nostram

71 1890 256 1943 diffinitivam
267 1891 441 1942 sentenciam
458 1890 697 1954 condempnemus
710 1898 737 1942 te
751 1891 786 1940 ad
802 1890 925 1942 dandum
943 1890 1012 1942 duas
1029 1890 1118 1951 tedas,
1138 1888 1294 1956 quamlibet

68 1973 210 2039 ponderis
221 1975 343 2037 quatuor
355 1971 503 2030 librarum.
516 1973 545 2023 in
557 1972 695 2023 honorem
705 1972 756 2037 Dej
770 1975 801 2024 et
811 1973 936 2024 omnium
947 1973 1119 2035 sanctorum,
1132 1973 1162 2025 in
1175 1971 1297 2026 eeclesia

69 2053 228 2120 collegiata
238 2055 320 2106 beate
342 2054 490 2106 Gertrudis
502 2055 578 2119 opidj
592 2054 627 2106 de
640 2055 754 2120 Bergan
766 2067 853 2118 supra
859 2054 973 2106 Zomam
985 2056 1014 2106 et
1030 2054 1123 2106 hocin
1134 2055 1207 2107 testo
1219 2056 1296 2122 puri·

68 2137 216 2189 ileatiouis
228 2140 325 2188 nostre
337 2137 457 2188 Domine
471 2137 613 2201 proxime.
635 2137 685 2201 Ouj
706 2136 903 2188 interdicimus
925 2136 1095 2188 exercicium
1113 2149 1181 2189 oure
1197 2137 1297 2205 beghi-

69 2220 162 2284 nagij‚
175 2220 397 2283 predicationem
417 2220 447 2271 et
458 2219 631 2271 auditionem
649 2220 858 2270 confessionum
870 2219 900 2268 in
912 2217 965 2269 hac
977 2218 1092 2283 dyocesi
1103 2217 1252 2284 Leodiensj
1265 2221 1296 2272 et

69 2300 262 2365 Traiectensj.
275 2315 365 2365 usque
377 2302 413 2353 ad
432 2303 535 2353 testum
546 2300 686 2353 iohannis
704 2301 831 2364 Baptista
846 2299 992 2351 inclusive.
1013 2299 1157 2364 Expostsl
1169 2301 1202 2352 ad
1216 2302 1295 2353 actus

69 2384 187 2449 priores
198 2384 400 2448 predicationis
412 2385 442 2436 et
458 2384 612 2436 auditionis
632 2383 841 2435 confessionum
853 2383 962 2446 admittj
987 2383 1094 2447 cupias,
1106 2396 1202 2435 coram
1213 2383 1295 2436 uobis

69 2467 174 2519 decem
198 2466 399 2531 presbytorum
427 2467 606 2518 sacerdotum
633 2466 796 2517 testimonio
825 2465 918 2528 neubi
947 2465 1071 2530 partium
1098 2460 1295 2531 suspectorum
1351 2493 1353 2496 <

68 2560 213 2614 apparere
229 2549 318 2600 iacies
341 2549 376 2601 de
394 2550 442 2600 tue
464 2549 580 2600 interim
597 2548 655 2599 vite
676 2548 853 2613 integritate,
873 2560 984 2598 morum
1007 2546 1149 2612 probitate
1166 2550 1197 2600 et
1216 2546 1293 2613 ildelj

67 2630 289 2683 conversatione
308 2645 340 2682 ac
352 2631 515 2697 ydoneitate
533 2631 568 2682 ad
580 2631 691 2695 priores
704 2631 782 2681 actus
795 2630 844 2694 tibj
859 2631 956 2681 nostra
972 2630 1066 2696 maiia
1082 2629 1294 2696 concedendos3

68 2713 143 2765 alias
153 2715 211 2766 tam
221 2714 438 2779 diuapredictis
447 2715 554 2765 acubus
564 2712 869 2778 suspendimuadouee
878 2711 1027 2777 superbiis
1037 2712 1159 2778 gratiam
1168 2713 1294 2765 noemam

66 2796 213 2848 merueris
233 2797 372 2849 obtinere.
397 2797 515 2848 Necnon
534 2796 564 2848 in
580 2796 712 2862 expensis
733 2795 880 2860 utriusque
896 2807 1047 2860 processus
1063 2794 1295 2856 condemnantes.

68 2879 247 2932 tentionem
259 2878 341 2931 nobis
352 2880 535 2932 reservando.

335 2993 529 3056 Rijksarchiet
555 2994 584 3045 te
613 2993 740 3054 Brussei,
771 2992 890 3046 Resoois
916 2990 952 3045 ds
985 2990 1097 3052 vienne,
1121 2990 1293 3054 Iuventaire,

367 3075 431 3128 decl
441 3076 499 3134 XV.
513 3074 761 3128 iiassen¹XLV1i

632 3283 726 3349 446.

123 3469 230 3541 1525,
276 3461 468 3529 December
510 3472 545 3542 3,
591 3463 768 3548 Kampos.
810 3465 934 3534 Besluit
965 3466 1022 3533 des
1053 3463 1163 3533 Raads
1181 3467 1293 3553 pogen

66 3573 232 3658 degeres,
251 3573 302 3639 die
319 3573 508 3641 hettersche
523 3571 648 3641 boeken
665 3571 807 3641 beritten
825 3571 861 3639 of
871 3572 1021 3640 drukireu
1046 3571 1083 3639 of
1103 3570 1293 3641 hettersehe

66 3673 276 3762 gesprshken
305 3666 446 3744 houden.
474 3712 514 3730 -
532 3676 607 3744 Wie
638 3676 827 3743 hettersche
854 3675 978 3742 booken
1007 3674 1104 3755 berit,
1139 3682 1224 3743 most
1253 3694 1292 3741 ze
1340 3741 1344 3747 .

68 3778 194 3845 biunen
211 3778 251 3845 de
267 3779 346 3846 aoht
370 3778 475 3865 dagen
499 3799 560 3845 ean
587 3778 874 3865 burgensestersn
899 3777 1131 3857 ovsrlsvereu;
1151 3797 1191 3864 op
1208 3776 1296 3846 suas

66 3903 136 3950 van
153 3879 248 3955 boeto
263 3881 292 3948 is
307 3881 367 3949 het
388 3882 553 3949 verboden
578 3882 673 3950 zulke
696 3883 832 3950 werhen
857 3888 890 3951 te
913 3882 1063 3952 drukken
1088 3879 1125 3949 of
1142 3901 1224 3950 over
1239 3876 1312 3949 die‘

73 3986 292 4054 ‹materiens
320 3991 354 4052 te
377 3986 530 4071 spretor.
551 3986 592 4053 Al
610 3987 674 4052 wie
696 3990 794 4072 teger
819 3985 868 4053 dit
891 3984 994 4072 gsbod
1010 3984 1291 4066 inuisitatus

66 4091 183 4157 ketter
197 4108 237 4155 en
256 4091 444 4157 oucbristen
461 4089 601 4176 gastraft
617 4089 763 4157 worden.

238 4244 393 4299 Publicolis
409 4263 443 4315 op
460 4243 642 4299 meandum
660 4246 715 4299 den
732 4248 763 4315 iij
780 4246 936 4300 Decembris
951 4260 1027 4300 anno
1042 4255 1123 4299 onom.

99 4359 247 4425 Saepenen
268 4361 341 4413 ende
359 4362 453 4413 Raedt
473 4363 622 4428 gebieden‚
643 4362 692 4413 dat
711 4360 766 4414 alle
787 4364 929 4442 borgeren
949 4362 1022 4414 ende
1038 4363 1231 4422 inwoeneren,
1244 4360 1291 4416 dis

60 4445 93 4496 in
117 4442 208 4494 horen
227 4442 335 4508 huysen
348 4444 459 4494 hebben
472 4445 575 4507 eynige
587 4445 714 4496 boecken
726 4446 763 4509 by
773 4444 884 4496 Marten
896 4444 984 4496 Luter
996 4444 1111 4508 oiitebij
1122 4444 1225 4509 eyuige
1236 4457 1290 4497 vau

60 4528 161 4601 sijneu
175 4525 330 4596 ducipuien
345 4527 411 4579 oilie
430 4525 580 4595 travoigers
598 4527 755 4596 gomaeckt,
776 4527 817 4583 uis
836 4529 887 4584 Die
903 4523 1039 4597 Iluytscite
1056 4524 1197 4597 theotoqie,
1214 4525 1290 4578 idem
