3224 5400
202 487 251 542 298
717 489 821 543 ANNO
840 487 904 541 1527

202 664 237 725 te
248 677 364 744 sporeu
383 656 422 723 de
439 657 568 724 nieuwe
584 656 715 723 zuivere
728 656 796 724 laer
811 677 875 724 van
890 655 1041 725 christus
1057 658 1091 724 te
1108 656 1193 724 doen
1211 658 1375 743 predikeu
1392 662 1420 726 in

201 762 266 850 aijn
280 759 407 848 gebied.
417 799 457 814 -
468 761 519 828 Na
529 760 587 827 het
600 761 784 828 nutteleoze
797 761 855 827 der
866 759 1232 848 gelooisverrelgingeu
1246 767 1280 827 te
1296 760 1417 829 hebben

201 865 421 950 aangetoond,
448 863 557 930 maakt
585 863 812 931 Geldenhauer
838 884 918 931 eene
943 863 1163 952 vergelijking
1191 865 1351 932 tussehen
1382 867 1416 933 de

202 968 368 1056 niterlijke
390 967 614 1035 ceremoniecn
638 967 697 1035 der
713 968 894 1034 Reemsohe
911 967 1014 1049 Kerk‚
1035 967 1231 1034 waareuder
1245 969 1415 1053 geveinsde

202 1075 390 1143 vreemheid
407 1074 477 1140 zioh
495 1072 661 1161 verbergt,
681 1096 721 1141 en
738 1075 777 1142 de
795 1095 883 1141 ware
900 1076 1101 1162 godavrueht
1124 1095 1190 1141 van
1218 1075 1260 1143 de
1276 1076 1415 1142 aanhan·

202 1199 278 1267 gera
295 1179 353 1245 der
369 1180 496 1245 nieuwe
513 1180 592 1248 leer.

204 1333 348 1389 corardus
359 1336 547 1401 Noviomaqus
555 1335 746 1389 clastrisstme
758 1336 961 1404 fortissimoque
969 1338 1094 1406 prinmpi
1106 1335 1216 1401 carelo,
1226 1335 1293 1388 daei
1305 1335 1412 1394 celtice.

330 1419 434 1480 Julioo,
453 1421 548 1487 comiti
565 1418 750 1486 Zutpheniae,
768 1427 828 1479 etc..
846 1419 985 1488 statutam]
1000 1418 1178 1487 p[lurimam]
1195 1417 1297 1487 d[tcit].

234 1552 288 1610 Qui
300 1550 362 1610 tibi,
376 1549 567 1601 illustrissime
580 1550 647 1608 dux,
661 1550 758 1613 quavis
770 1550 804 1602 de
820 1562 853 1602 re
871 1551 1036 1616 obstrepere
1049 1563 1105 1601 nen
1118 1550 1264 1610 verentur,
1277 1551 1412 1616 magnani-

202 1634 308 1686 mitatis
331 1633 568 1696 sublimitatisque
587 1634 651 1684 tuac
674 1634 812 1684 rationem
838 1646 895 1683 nen
918 1632 1032 1684 habent.
1054 1632 1108 1692 Qui
1127 1646 1196 1684 vere
1219 1631 1412 1683 celsitudinem

203 1718 279 1767 tuam
292 1715 327 1767 de
348 1716 433 1766 rebus
451 1715 617 1778 necessarijs
630 1715 782 1765 admonere
802 1715 966 1775 termidum,
979 1715 1185 1765 humanitatem
1197 1727 1232 1764 ac
1244 1712 1411 1766 clementiam

202 1801 279 1850 tuam
293 1799 435 1864 ignorant.
459 1797 533 1848 Hinc
554 1800 606 1856 est,
627 1797 821 1849 illustrissime
841 1798 983 1861 princeps,
1007 1798 1082 1860 quod
1099 1810 1154 1863 ego
1176 1796 1203 1846 in
1227 1797 1412 1861 antiquissima

201 1882 329 1945 adeoque
342 1880 518 1931 nobilissima
532 1880 645 1932 civitate
662 1882 711 1932 tua
727 1881 902 1946 Noviomago
921 1882 1003 1930 natus
1019 1880 1050 1930 et
1066 1880 1212 1937 educatus,
1226 1892 1320 1943 eoque
1330 1881 1410 1944 patre,

200 1966 249 2030 qui
261 1964 426 2016 clarissimis
437 1964 622 2030 principibus,
640 1965 715 2028 patri
736 1965 783 2014 tue
804 1963 934 2028 Adelphe
952 1963 1112 2026 amitaeque
1132 1960 1305 2014 catharinae
1326 1961 1411 2014 multis

201 2047 282 2100 annis
294 2046 458 2098 fidelissime
470 2046 626 2103 inservivit,
639 2047 757 2097 audeam
770 2044 995 2112 c[elsitudlnem]
1006 2042 1117 2112 tluamss
1128 2045 1372 2097 commonefacere
1382 2045 1411 2094 de

199 2131 244 2194 ha,
258 2143 330 2193 quae
342 2129 463 2180 maxime
476 2128 530 2178 hec
538 2128 756 2179 christianarum
769 2142 865 2180 rerum
875 2128 988 2180 turbine
998 2129 1032 2178 ad
1045 2128 1122 2178 tuam
1134 2127 1315 2192 subiectique
1327 2127 1412 2178 divina

201 2212 379 2263 ordinatione
392 2211 442 2262 tibi
455 2210 553 2276 populi
565 2225 661 2262 veram
675 2211 795 2263 salutem
806 2213 944 2277 spectant.

233 2294 378 2359 Principio
408 2295 512 2357 itaque,
540 2293 731 2346 illustrissime
757 2294 899 2358 princeps,
920 2294 1072 2353 condones,
1103 2306 1218 2357 quaeso,
1244 2292 1325 2354 mihi,
1347 2293 1412 2358 quod

199 2376 313 2443 longius
332 2379 407 2428 terte
427 2378 550 2442 repetite
562 2391 658 2428 rerum
672 2378 780 2436 ordine,
802 2377 945 2442 incipiam.
964 2376 1126 2428 cumcuim
1145 2376 1278 2442 recogito
1297 2390 1345 2429 res
1360 2380 1413 2428 tuas

200 2462 304 2527 gestas,
327 2459 431 2511 abillo
456 2461 501 2511 die
526 2473 592 2523 que,
616 2473 650 2511 ex
674 2459 782 2511 Gallica
799 2459 975 2523 captivitate,
999 2459 1064 2509 date
1088 2458 1196 2517 obside,
1218 2459 1413 2525 Noviomagum

201 2543 324 2593 emnium
348 2543 451 2592 civium
467 2541 602 2607 adplausu
623 2543 652 2593 et
674 2543 777 2607 gaudie
796 2542 941 2607 ingressus
959 2554 999 2599 es,
1012 2540 1178 2592 admiranda
1197 2542 1228 2591 et
1240 2541 1353 2593 diversa
1368 2541 1413 2592 Dei

200 2623 322 2688 Optlimil
334 2623 470 2690 Max[imi]
484 2625 588 2676 iudicia
600 2638 670 2690 erga
682 2627 709 2674 te
723 2624 891 2688 plebemque
904 2626 980 2674 tuam
993 2623 1089 2674 videre
1101 2622 1182 2674 licet:
1195 2624 1272 2674 iram
1291 2623 1413 2675 videlicet

199 2706 298 2770 ipsius,
317 2708 348 2756 ut
365 2707 486 2758 humane
505 2721 583 2757 more
601 2707 711 2769 loquar,
724 2719 794 2770 erga
803 2706 853 2755 tibi
866 2705 1018 2769 subjectos,
1028 2704 1184 2756 bonitatem
1192 2719 1263 2757 rere
1276 2709 1306 2758 et
1316 2706 1413 2758 miseri·

199 2789 324 2839 cerdiam
341 2801 411 2854 erga
428 2791 504 2839 tuam
524 2789 735 2840 celsitudinem.
755 2789 784 2840 Si
805 2788 868 2851 quis
891 2788 966 2838 enim
992 2801 1087 2839 secum
1109 2789 1236 2853 reputet,
1249 2790 1361 2852 quoties
1376 2790 1412 2839 tui

198 2871 265 2932 lusi,
278 2872 369 2937 lugati
381 2873 512 2935 caesique
535 2872 601 2929 sint.
615 2871 726 2935 quoties
738 2871 801 2936 agri
818 2869 1077 2928 devastationes
1096 2883 1209 2934 pecora,
1229 2871 1377 2936 suppellex
1388 2874 1413 2922 et

199 2953 334 3017 quicquid
352 2967 437 3018 epum
458 2957 519 3006 erat
539 2955 658 3018 direpta,
677 2954 744 3018 pagi
765 2952 868 3010 exusti,
892 2965 972 3004 arces
989 2952 1126 3017 dejectae,
1147 2953 1254 3017 oppida
1272 2966 1326 3018 per
1340 2954 1413 3004 dedi·

199 3038 305 3088 tionem
323 3039 414 3101 capta,
427 3037 480 3088 riri
492 3036 595 3100 captivi
607 3036 730 3098 abducti,
746 3038 892 3088 matronae
912 3036 1066 3100 stupratae,
1084 3035 1210 3101 virgines
1223 3036 1252 3087 vi
1269 3037 1412 3100 corruptae

198 3121 368 3183 caeteraque
399 3133 508 3183 passae,
536 3132 608 3182 quae
637 3118 749 3170 hostilia
777 3122 857 3170 turer
887 3119 917 3169 et
944 3118 1031 3169 libido
1059 3119 1168 3170 interra
1193 3117 1298 3179 solent,
1326 3132 1413 3170 noune

199 3204 289 3254 Deum
307 3204 410 3254 iratum
422 3202 479 3253 illis
496 3203 584 3253 luisse
596 3203 691 3253 statim
708 3202 860 3252 iudicabitl
877 3201 988 3253 Rursus
1005 3201 1109 3265 siquis
1126 3201 1299 3265 cousyderet
1319 3203 1347 3254 te
1363 3202 1414 3252 iam

199 3286 377 3350 trigesimum
397 3287 528 3348 quartum
551 3297 655 3335 anuum
678 3285 706 3333 in
727 3284 828 3334 ducatu
841 3287 889 3335 tuo
912 3285 1054 3349 agentem,
1068 3296 1207 3348 prospera
1225 3285 1290 3336 tare
1309 3296 1415 3349 semper

198 3368 327 3431 corporis
344 3367 514 3425 valetudine,
528 3368 563 3418 ab
575 3367 715 3424 hostibus,
728 3367 814 3420 tantis
826 3365 935 3417 scilicet
946 3366 1132 3432 principibus,
1144 3366 1276 3430 ducibus,
1293 3366 1414 3434 regibus,

198 3450 425 3514 imperatoribus,
436 3448 551 3513 praelijs
563 3449 734 3508 lacessitum,
744 3448 827 3500 bellis
838 3462 976 3513 pressum,
988 3463 1131 3513 nunquam
1141 3450 1267 3514 captum,
1277 3462 1415 3513 nunquam

198 3532 275 3596 turpi
294 3533 363 3598 iuga
387 3532 523 3596 elapsum,
551 3545 703 3595 nunquam,
730 3533 805 3594 qued
831 3532 927 3590 sciam,
945 3530 1133 3592 vulneratum,
1154 3531 1242 3583 rebus
1260 3532 1348 3583 etiam
1363 3532 1414 3583 tuis

196 3614 347 3679 aliquando
372 3614 434 3666 iere
463 3615 629 3678 desperatis,
659 3615 770 3679 oppidis
794 3613 901 3678 aliquot
929 3627 946 3664 a
975 3615 1003 3665 te
1031 3614 1067 3665 ad
1084 3612 1180 3665 hostes
1208 3615 1246 3666 eb
1274 3616 1415 3680 potentiae

197 3700 303 3749 metum
333 3698 539 3756 deficientibus,
564 3697 688 3748 hostium
715 3697 844 3755 consilia,
875 3697 990 3762 praeter
1020 3709 1109 3761 spem,
1139 3696 1234 3748 subite
1260 3697 1414 3754 immutata,

199 3782 335 3832 ditionem
364 3781 440 3832 tuam
468 3780 549 3831 miris
579 3779 705 3842 censilijs
728 3781 756 3830 et
785 3780 995 3845 stratagematis
1022 3781 1232 3844 recuperatam,
1265 3781 1309 3832 tot
1335 3781 1416 3833 etiam

198 3864 361 3915 incruentas
372 3865 434 3915 tere
445 3863 588 3920 victorias,
599 3863 712 3914 tandem
725 3863 810 3914 etiam
823 3875 940 3913 uxerem
953 3862 1013 3922 tibi,
1024 3863 1057 3912 ut
1068 3861 1277 3914 nobilissimam
1288 3876 1362 3928 eque
1378 3866 1417 3915 tot

198 3947 391 4012 Augustorum
403 3947 550 3997 stemmate
570 3948 674 4003 natam,
687 3945 768 3996 itaet
780 3945 913 4009 optimam
925 3943 1258 4009 christianissimamque,
1272 3945 1417 4014 obtigisse,

198 4042 301 4088 nonne,
326 4028 453 4092 quisquis
475 4027 546 4079 baec
569 4029 704 4079 attentius
725 4026 888 4085 revolverit,
907 4028 1029 4079 divinam
1047 4041 1118 4093 erga
1135 4029 1163 4078 te
1180 4027 1344 4083 bonitatem
1360 4031 1419 4082 iura

197 4111 383 4163 admirabitur
401 4107 600 4174 laudabitque?
613 4109 690 4160 Haec
703 4124 766 4160 cum
779 4110 820 4160 ita
831 4123 862 4160 ac
874 4109 1005 4170 habeant,
1019 4108 1260 4179 clementissfime]
1277 4114 1419 4179 princeps,

196 4196 304 4246 uidene
315 4207 437 4257 unquam
447 4195 507 4244 Deo
517 4194 646 4258 ingratus
655 4192 819 4252 inveniaris,
828 4192 920 4255 idque,
933 4193 1008 4256 quod
1017 4191 1070 4244 aeli
1080 4192 1141 4244 Deo
1150 4195 1305 4258 acceptum
1312 4197 1420 4249 mierre

196 4279 292 4334 debes,
311 4276 400 4327 cuivis
412 4278 460 4327 aut
476 4276 615 4326 humanae
632 4275 800 4338 prudentiae
817 4275 1013 4327 tortitudinire
1030 4278 1079 4326 aut
1090 4276 1164 4336 divo,
1183 4275 1319 4342 quisquis
1336 4281 1420 4333 etiam

193 4360 243 4412 ille
255 4360 302 4420 sit,
315 4358 516 4422 adscripseris:
536 4358 612 4408 Deus
625 4357 699 4407 enim
713 4360 810 4408 nester
821 4358 904 4407 tertis
916 4357 1020 4410 zelotes
1032 4359 1090 4417 est;
1103 4356 1226 4423 gloriam
1240 4374 1327 4414 suam
1339 4363 1421 4416 antea

196 4458 252 4495 nen
264 4443 351 4500 dabit.
365 4453 455 4504 nequo
467 4440 583 4505 patitur,
598 4443 628 4491 ut
640 4440 787 4504 quisquam
799 4441 828 4490 in
846 4439 992 4492 hominum
1003 4441 1136 4494 cordibus
1148 4443 1290 4509 cumipse
1301 4445 1420 4508 habitet.

194 4526 302 4593 praesit
313 4526 342 4578 et
354 4525 466 4591 regnet.
