3224 5400
716 489 837 600 'inno
853 489 919 547 iusi
1400 492 1434 549 ⁴5

241 655 288 708 Ad
300 655 441 708 decimum
454 657 586 720 quartum
597 655 750 709 srticuium
767 656 951 722 incipientem
961 655 1032 710 dem
1043 656 1122 710 uitii
1131 673 1149 710 u
1159 656 1262 711 ouum
1271 656 1364 712 sesa
1371 672 1433 713 os·-

204 734 298 791 iosssn
310 741 377 796 ete.
394 739 550 804 respondet
561 753 592 792 se
611 740 740 798 credere.
754 740 829 803 quod
850 739 1002 804 sliqunndo
1013 740 1187 806 predicando
1199 739 1272 793 dixit
1283 753 1315 794 se
1326 741 1434 794 sentire

206 819 243 872 de
250 820 451 873 misericordia
462 821 525 882 Dei,
537 822 613 886 quod
622 823 667 874 est
677 823 735 873 tmn
746 835 859 888 mogus,
872 823 948 887 quod
958 824 1056 888 posset
1067 821 1176 875 sslvsre
1187 823 1296 876 snimss
1314 835 1350 876 ex
1366 835 1433 887 pnn-

205 903 333 967 ganno,
344 903 370 955 si
379 902 486 954 Christi
497 903 598 956 fideles
616 903 792 968 insequendo
809 904 897 956 ritum
908 905 938 956 et
948 918 1057 957 morsm
1068 903 1188 958 ecclesie
1199 905 1304 970 rogent
1314 917 1367 969 pro
1377 904 1431 962 eis,

205 985 236 1036 et
244 984 371 1037 habesne
378 985 481 1037 bonam
490 986 735 1047 iidem,nddendo:
745 987 771 1037 si
782 985 885 1050 siquis
894 987 1082 1039 commisisset
1090 987 1186 1039 omnis
1195 987 1311 1052 peccota
1321 985 1430 1046 mnndi,

205 1065 353 1120 obtineret
363 1067 479 1120 illorum
501 1070 613 1121 venium
629 1071 658 1121 et
668 1070 867 1122 remissionem
885 1083 951 1121 cum
970 1069 1026 1121 iide
1043 1069 1115 1130 vivs,
1128 1080 1212 1133 quum
1223 1067 1356 1134 exposuit
1367 1080 1431 1120 esse

203 1147 293 1200 fldem
301 1163 366 1200 cum
374 1151 509 1215 operibus
518 1151 601 1216 juxte
608 1151 764 1216 capitulum
776 1150 913 1203 Ezecielis
920 1151 1000 1215 xviij,
1013 1151 1061 1203 ubi
1073 1150 1142 1203 dicit
1150 1149 1251 1204 heberi
1266 1149 1297 1203 Si
1308 1150 1431 1217 werce

204 1233 339 1284 comt
349 1246 380 1284 sc
394 1232 431 1285 ab
442 1235 586 1298 tmwsicic
603 1248 657 1288 suc
678 1236 745 1293 eto..
762 1234 793 1285 et
807 1234 890 1298 iuxta
907 1233 1093 1298 scripturam.
1116 1231 1152 1286 In
1171 1246 1344 1302 messesque
1358 1230 1432 1286 tora

202 1313 378 1380 manse-it
401 1324 530 1384 peccator
556 1319 626 1383 etc.;
648 1319 679 1370 et
698 1316 783 1370 siiter
806 1330 863 1368 non
886 1317 979 1370 credit
999 1314 1163 1382 hujusmodi
1184 1314 1337 1369 articulum
1365 1315 1428 1369 iore

202 1407 316 1447 rernm.

237 1477 283 1528 Ad
300 1479 442 1534 decimum
458 1482 587 1547 quintum
605 1482 756 1534 articulum
773 1481 957 1547 incipientem
972 1479 1043 1534 Item
1059 1479 1134 1534 &eit
1147 1495 1154 1533 :
1166 1479 1232 1535 uas
1248 1487 1353 1548 cosmps
1367 1477 1428 1549 peu

200 1561 271 1621 cto„
283 1566 449 1629 respondet,
462 1566 538 1629 quod
549 1566 711 1631 hujusmodi
722 1564 874 1617 srtieulum
887 1579 944 1617 non
953 1564 1054 1618 eredit.

235 1644 282 1697 Ad
293 1646 435 1699 decimum
455 1649 567 1700 sextum
588 1648 741 1701 articulum
756 1649 941 1714 incipientem
960 1647 1029 1700 Item
1044 1645 1185 1701 «amiso
1205 1648 1342 1700 instinctu
1359 1650 1425 1706 etc„

199 1730 359 1792 respondet
376 1743 407 1782 se
419 1731 536 1783 credere
558 1730 665 1784 dixisse
684 1731 836 1796 uliqusndo
854 1731 884 1782 in
903 1743 1035 1783 sermone
1054 1730 1091 1781 sd
1112 1729 1249 1795 populum
1265 1728 1425 1794 bonoselo,

200 1811 281 1872 quod
292 1811 353 1876 ipse
366 1812 489 1879 beghiue
498 1826 554 1864 non
566 1815 733 1866 tenerentur
744 1827 807 1867 esse
817 1814 889 1865 sdeo
909 1813 1008 1866 stricte
1018 1813 1049 1865 in
1061 1812 1297 1871 contusionibus.
1322 1811 1353 1865 et
1368 1809 1425 1863 hoc

200 1893 273 1954 quis
283 1892 450 1946 molestetur
465 1895 559 1946 iuerm
577 1908 631 1959 per
647 1908 696 1948 ess
714 1895 744 1946 in
767 1894 993 1947 contessionibus
1010 1894 1137 1947 dieentes
1162 1906 1194 1946 se
1212 1893 1355 1946 audivisse
1368 1905 1427 1945 ser·

200 1986 320 2039 mones3
330 1977 406 2039 quod
414 1975 441 2027 in
451 1977 629 2029 contessione
641 1977 755 2043 singnis
763 1978 860 2029 essent
868 1977 1047 2029 strictissime
1058 1975 1236 2040 explicando,
1243 1975 1332 2029 etism
1343 1974 1426 2039 qimsi

200 2056 431 2118 circumstancie,
450 2071 504 2122 que
522 2059 577 2110 sibi
596 2072 647 2112 reo
665 2059 834 2111 videbantur
851 2073 907 2110 non
927 2059 1098 2120 necessarie,
1115 2058 1237 2109 inissent
1252 2058 1423 2120 necessarie,

198 2137 376 2190 consolando
387 2139 592 2204 pusillanimes,
605 2142 736 2206 quodque
747 2141 911 2207 huiusmodi
922 2154 1068 2194 sermones
1080 2140 1184 2194 flerent
1202 2142 1320 2205 propter
1331 2139 1422 2192 homi·

199 2232 255 2271 nes
273 2218 412 2273 muenia
432 2220 542 2288 lxrgnm
560 2223 773 2283 oomcientism
793 2225 823 2277 et
835 2237 892 2276 non
900 2224 1018 2289 propter
1028 2235 1092 2288 ως
1109 2222 1140 2276 et
1159 2220 1246 2275 niiter
1260 2219 1424 2287 husjusmodi

200 2301 359 2354 articulum
367 2317 424 2354 non
438 2304 540 2356 credit.

233 2383 280 2436 Ad
302 2385 444 2438 decimum
473 2387 625 2452 septimum
646 2387 798 2441 monium
827 2388 1012 2454 incipientem
1038 2387 1171 2441 Praese
1197 2385 1262 2440 lieet
1289 2385 1422 2441 minse

199 2464 280 2520 Deus
290 2465 452 2521 laudandus
462 2471 497 2522 sit
504 2471 535 2521 in
544 2472 648 2523 ccccm
662 2473 725 2524 ruis
746 2474 811 2531 ete..
823 2471 978 2536 respondet
997 2483 1029 2524 se
1049 2471 1167 2524 eredere
1178 2471 1208 2522 et
1216 2470 1334 2530 tenere
1346 2470 1423 2534 quod

199 2549 334 2602 dominus
344 2551 587 2604 Deuslsudsndus
599 2554 636 2604 sit
655 2554 686 2606 in
704 2555 808 2606 scnetm
828 2555 896 2615 suis,
919 2554 1166 2618 quodquessnoiis
1179 2552 1316 2605 debentur
1326 2552 1420 2604 honor

198 2634 231 2684 et
240 2635 416 2700 reverencie,
429 2629 515 2698 seque
526 2635 632 2688 dixisse
643 2637 679 2689 de
692 2638 774 2688 besta
782 2638 902 2703 virgine,
914 2637 990 2700 quod
999 2650 1056 2688 non
1065 2637 1110 2688 est
1118 2636 1187 2694 Des,
1196 2635 1327 2694 iaciendo
1336 2647 1421 2687 suum

197 2715 297 2768 theme
319 2717 394 2768 Fecit
413 2715 498 2769 misti
516 2732 621 2783 meone
638 2717 713 2787 quod
729 2726 827 2785 potens
837 2727 878 2772 est
888 2720 955 2779 otc„
967 2718 1203 2784 reprehendendo
1220 2716 1357 2783 populum
1369 2729 1421 2769 seu

197 2797 340 2864 beghim
351 2801 490 2853 dieentes:
503 2798 551 2868 Hy
561 2815 596 2854 cn
610 2808 690 2868 pryn
706 2799 753 2853 dis
761 2800 874 2854 mocder
893 2799 972 2855 eous
981 2803 1040 2854 niet
1050 2799 1094 2855 ets
1105 2798 1143 2868 tp
1149 2797 1244 2868 plcet,
1256 2801 1380 2864 desuper
1389 2798 1418 2850 in

199 2893 336 2935 wmone
346 2884 544 2949 respondendo
564 2885 657 2938 dixit:
670 2883 981 2953 Alsichssqpndatter
996 2884 1188 2950 assererem
1204 2889 1282 2947 otest
1299 2894 1423 2935 wassein

197 2961 427 3032 sspdmcticss
442 2970 664 3035 nyctmprysce
684 2980 757 3034 cyse
772 2966 945 3020 sideream
961 2973 1168 3033 rusmaysan
1184 2961 1423 3018 mosettoesrdis

194 3044 1040 3117 pecorosasdcpcoocruondenccdcpctoseecm
1056 3043 1421 3100 erumminensis·

195 3135 266 3195 nysi
275 3135 371 3196 proter
378 3129 482 3182 meten
493 3130 551 3185 dan
561 3147 594 3199 sy
605 3147 639 3184 en
648 3147 685 3192 es,
696 3133 801 3184 eddens
811 3132 886 3196 quod
897 3145 949 3196 per
957 3131 1098 3196 premisse
1114 3143 1171 3180 non
1180 3128 1270 3181 voluit
1278 3128 1420 3194 detegere

194 3213 262 3265 dns
273 3212 446 3272 honori‚sed
457 3227 492 3265 es
502 3215 576 3266 dixit
586 3216 660 3267 bono
672 3214 733 3268 selo
747 3214 867 3267 ulterius
888 3214 1020 3267 iaciendo
1038 3225 1200 3265 sermonem
1220 3209 1343 3276 queliter
1364 3209 1421 3262 tuit

195 3297 339 3360 concepis
359 3295 421 3348 sine
441 3296 576 3364 originali
586 3299 713 3363 peccato.
737 3297 775 3350 ut
794 3296 871 3350 ultre
888 3296 1029 3362 premisse
1044 3294 1198 3361 respondet
1215 3306 1267 3359 per
1283 3291 1420 3346 verbum:

198 3388 260 3429 non
271 3377 376 3430 credit.

229 3541 445 3606 &mequeuter
453 3541 573 3594 deinde:
586 3542 633 3594 die
646 3543 745 3595 ootsvs
755 3543 824 3595 dicti
836 3542 942 3595 mensis
954 3542 1030 3607 Msy,
1039 3542 1144 3594 iterum
1155 3539 1314 3606 comperuit
1322 3552 1419 3592 eornm

194 3624 291 3687 nobis,
304 3624 411 3676 decsno
423 3624 453 3676 et
463 3625 641 3688 inquisitore,
665 3628 695 3677 et
714 3626 744 3676 in
766 3626 912 3690 presentis
928 3625 1030 3688 notsrij
1043 3623 1274 3689 premenuonou,
1286 3623 1417 3675 dominus

193 3706 332 3759 Nicotaus
353 3720 421 3758 reus
436 3706 656 3771 inquisitusque,
674 3708 864 3760 continuando
888 3721 968 3759 suem
987 3708 1202 3772 responsionem
1216 3705 1350 3758 hesterno
1371 3705 1417 3758 die

195 3789 372 3842 inchoatum.

228 3872 275 3922 Ad
297 3872 438 3923 decimum
460 3874 590 3924 octavum
607 3873 757 3925 articulum
779 3874 963 3939 incipientem
982 3871 1050 3926 Item
1067 3871 1116 3926 dat
1135 3885 1200 3925 mm
1222 3869 1268 3924 uu
1288 3866 1417 3938 neptim

194 3956 255 4008 sciet
266 3969 302 4006 cn
312 3952 385 4021 tufi
403 3960 429 4006 te
446 3954 533 4007 deone
544 3957 609 4017 eto„
630 3957 783 4021 respondet
793 3970 825 4008 se
841 3957 969 4016 credere,
983 3955 1058 4020 quod
1070 3954 1221 4019 diqusndo
1233 3953 1264 4005 in
1285 3965 1417 4006 sermone

194 4037 379 4104 sdpopnium
401 4037 474 4089 dixit
496 4041 609 4090 sanctos
637 4052 701 4091 esse
731 4039 912 4092 honorandos
937 4040 968 4091 et
996 4037 1088 4089 solum
1116 4037 1209 4090 Deum
1230 4035 1415 4096 edornndum,

193 4121 371 4186 increpando
388 4119 510 4173 ulterius
526 4135 585 4181 eos.
598 4123 647 4187 qui
658 4136 723 4175 eum
733 4122 928 4181 inismssseni,
941 4122 1035 4186 ipsum
1043 4119 1150 4173 dixisse
1162 4120 1275 4172 sanctos
1286 4130 1343 4171 non
1352 4118 1416 4171 iore

192 4204 395 4268 honorandos3
408 4206 516 4256 ietetur
535 4206 622 4258 etiam
632 4220 664 4259 se
676 4207 782 4258 dixisse
803 4206 857 4258 hec
873 4203 917 4257 sei
929 4203 1036 4256 similis
1045 4204 1152 4257 verbs:
1166 4202 1219 4255 Dis
1235 4199 1368 4269 heiligen
1379 4214 1415 4254 sn

193 4286 411 4356 sennem
433 4286 525 4341 mcclii
544 4292 647 4343 condes
671 4288 745 4351 eod,
764 4288 916 4356 siiegnndo
938 4281 1415 4352 adpropositumprimoiohsnnis

194 4370 322 4438 ospitulo
334 4369 507 4424 Advocatum
519 4369 652 4424 hebemus
662 4375 729 4438 etc.;
740 4371 872 4424 similiter
883 4385 914 4427 se
924 4370 1075 4434 eliquendo
1084 4368 1207 4421 dixisse:
1223 4364 1354 4434 kasoilt
1362 4380 1418 4418 san

195 4453 259 4508 eod
268 4468 354 4508 amn
362 4469 497 4523 eooposan
505 4454 646 4515 moseten,
667 4456 786 4508 sednon
800 4455 962 4506 adsensum
973 4451 1164 4510 articulatum.
1176 4450 1206 4503 et
1222 4446 1416 4503 verisimiliter

194 4538 291 4591 credit
299 4537 420 4590 dixisse:
431 4537 491 4591 eod
502 4553 536 4590 en
546 4553 574 4591 ss
585 4536 687 4607 eptem
696 4536 880 4606 oppeldwass
894 4536 943 4588 sed
956 4549 1013 4590 non
1022 4535 1057 4589 sd
1066 4546 1180 4588 sensum
1190 4533 1276 4598 prout
1286 4529 1418 4584 srtieuin
