3188 5394
510 122 614 175 ANNO
633 118 707 184 152⁷,
726 119 865 173 resolbat
1247 117 1297 170 ³19

13 288 28 361 Ξ
23 287 264 371 meridiem
279 313 321 359 eu
344 291 385 359 de
413 289 608 375 Magistraet
631 309 696 357 van
727 288 830 376 Rijsel
853 286 1144 355 onderdrukten''
1122 286 1240 375 qrorig
1261 289 1296 354 in

10 373 134 487 {hun
149 401 279 480 gewest
295 394 336 460 de
350 391 559 478 verbreiding
575 391 633 459 der
650 390 796 476 ketterij.

10 528 36 605 ’ξ
105 524 242 586 Πισαῖοι·
266 529 380 586 Insulae
403 527 650 599 deprehenduntur
679 538 703 581 et
731 529 898 596 puniuntur.
924 527 1044 580 Interim
1074 529 1160 580 certis
1189 528 1295 591 nuntljs

18 602 204 679 {Nicotaus
219 613 375 680 coppinos,
397 611 582 665 ecclesiaeS.
601 611 683 663 Petri
704 610 891 662 Louaniensis
908 611 1032 661 decanus
1050 624 1083 661 ac
1100 624 1152 676 per
1163 609 1295 677 Belgium

17 684 230 748 baeredcae
247 696 399 760 prauitatis
416 695 579 757 inquisitor,
599 694 709 757 accepit
727 707 783 743 non
801 705 907 756 paucos
924 691 1038 743 Insulae
1052 693 1207 756 vicinisque
1225 690 1295 742 locis

10 798 12 802 ¹
31 796 35 801 ·
22 769 222 843 hereseos
239 778 387 831 erroribus
404 776 510 841 imbui;
525 790 557 827 ao
575 789 611 827 ne
628 776 760 839 serperet
776 773 861 826 latius
874 788 908 825 ca
919 773 990 834 lues,
1010 776 1134 827 animum
1152 773 1295 838 extemplo

21 855 202 912 =1ntendit.
222 859 392 911 Grauibus
384 872 446 924 ipse
467 860 526 910 tum
548 858 665 921 Louenij
688 856 834 907 districtus
852 860 914 907 erat
934 857 1155 922 impedimentis,
1176 857 1247 908 adeo
1267 857 1297 907 ιι

15 924 36 1003 ἓ
81 940 225 1008 nnllaapes
245 942 362 993 deretur
379 941 456 992 intra
475 940 564 992 breue
587 942 698 1005 tempus
715 938 794 988 has
787 952 815 988 m
834 940 930 1001 partes
947 939 1178 990 commeandiv
1181 936 1295 1003 tigitur

14 1014 21 1043 ³
74 1023 298 1089 quamprimum
321 1025 379 1074 tam
402 1023 564 1088 pernicioso
589 1021 663 1072 malo
693 1022 784 1071 iretur
816 1018 939 1077 obuiam,
969 1020 1104 1072 Ioannem
1128 1019 1296 1084 Frelinium,

66 1099 225 1158 Mensis
249 1105 452 1157 Dominicanae
481 1104 607 1155 familiae
634 1103 770 1167 priorem,
800 1105 905 1155 litteris
935 1103 1042 1154 exciuit
1071 1105 1101 1152 ιι
1129 1103 1204 1154 vices
1230 1116 1296 1153 suas

10 1208 12 1213 ·
62 1181 218 1240 obustae
246 1189 363 1240 strenue
391 1199 549 1250 seuereque
576 1187 605 1237 iu
628 1186 657 1236 id
684 1199 775 1252 genus
805 1186 934 1237 homines
962 1185 1130 1248 inquireret.
1160 1184 1295 1248 Fecitque

54 1256 190 1321 1<biennes
219 1270 351 1320 accurate
380 1269 455 1332 quod
483 1268 649 1334 rogabatur.
682 1268 790 1319 Eodem
819 1281 908 1333 prope
938 1268 1074 1330 temporis
1103 1268 1137 1317 ad
1166 1267 1295 1318 Caesaris

48 1349 153 1403 ⁸¹11ae
163 1351 306 1415 peruenit,
323 1363 376 1415 per
394 1348 653 1402 Gallo-Flandriem
667 1349 818 1401 nonnullos
832 1350 918 1401 Sacra
928 1347 1020 1400 Biblia
1031 1350 1166 1400 idiomate
1183 1347 1295 1414 vulgari
1309 1349 1312 1352 ⁴

46 1417 201 1483 “mucia
219 1432 349 1483 manibus
362 1433 466 1493 terere,
480 1432 515 1482 de
528 1431 595 1483 fidei
611 1432 697 1483 rebus
714 1430 840 1496 maligne
858 1445 1004 1484 sermones
1020 1431 1152 1494 miscere,
1171 1429 1296 1483 occultos

44 1498 280 1568 haereticorum
292 1516 450 1567 conuentus
462 1516 576 1581 agitari,
590 1516 726 1580 quosdam
744 1516 830 1567 etiam
842 1515 998 1566 catholicos
1011 1516 1182 1572 sacerdotes.
1195 1515 1262 1566 dum
1279 1528 1296 1566 e

40 1594 179 1664 nuptio
200 1599 237 1650 ad
259 1597 396 1663 populum
415 1598 521 1658 dicunt,
546 1598 754 1662 imprudentius
777 1597 987 1649 haereticorum
1010 1597 1144 1664 dogmata
1162 1599 1296 1664 ingerere

41 1667 177 1746 ignaris
197 1679 342 1732 relutandi
361 1680 457 1745 speeie
479 1693 511 1730 ao
530 1679 635 1739 studio,
656 1681 772 1731 eosdem
792 1680 822 1730 in
843 1679 953 1744 aliquos
973 1693 1128 1744 peruersae
1149 1679 1295 1732 doctrinae

42 1762 216 1828 suspectos
234 1761 328 1813 acrius
339 1760 439 1813 inuehi
456 1774 489 1813 ac
500 1760 614 1826 publice
626 1762 750 1826 proprijs
763 1761 841 1826 ipsos
853 1761 1014 1813 nominibus
1032 1764 1061 1813 et
1078 1762 1295 1828 cognominibus

44 1844 153 1896 (aiere.
166 1843 262 1910 Igitur
273 1857 338 1895 eum
356 1845 507 1907 virumque
520 1843 650 1909 grauiter
661 1844 761 1902 terret,
778 1843 911 1908 primum,
933 1844 1050 1908 nequid
1071 1842 1164 1897 simile
1184 1843 1295 1895 concio·

49 1927 184 1978 utores
196 1925 390 1985 admitterent,
400 1926 555 1990 mandauit,
566 1926 642 1988 quod
653 1926 794 1977 eiusmodi
805 1925 882 1977 zelus
893 1940 926 1977 ac
937 1926 1131 1991 imprudentia
1141 1924 1296 1991 plurimum

56 2008 171 2061 animis
188 2008 332 2060 interdum
350 2009 457 2060 officiet
477 2009 638 2060 auditorum
655 2009 786 2072 ipsosque
806 2022 871 2060 reos
888 2009 979 2074 magis
997 2010 1148 2073 exasperet
1158 2021 1243 2073 quam
1260 2008 1296 2059 ed

59 2091 194 2141 mentem
213 2088 358 2141 saniorem
375 2089 485 2141 incitet.
499 2089 609 2140 Deinde
619 2089 800 2140 seuerissimo
818 2090 913 2140 sanxit
924 2090 1027 2149 edicto,
1041 2103 1077 2141 ne
1097 2090 1160 2152 quis
1172 2089 1296 2141 haereti·

62 2182 167 2222 corum
187 2172 346 2223 conuentus
358 2173 521 2236 cogeretur,
536 2170 631 2234 nequi
649 2169 736 2220 libros
749 2169 915 2223 haeresibus
938 2184 1069 2235 aspersos
1082 2171 1222 2236 legerent.
1242 2169 1297 2230 Qui

63 2251 140 2304 benc
159 2253 191 2303 in
214 2252 310 2319 legem
329 2252 437 2316 aliquid
461 2253 637 2304 commisisse
655 2252 955 2317 deprehenderentur,
978 2267 1027 2305 eos
1044 2252 1089 2305 vel
1109 2254 1231 2318 pecunia
1251 2252 1297 2305 vel

62 2334 154 2388 exilio
174 2338 291 2387 senatus
308 2333 453 2397 multaret,
464 2334 554 2386 libros
575 2348 674 2386 eorum
691 2334 805 2399 publice
823 2336 943 2388 flammis
961 2336 1141 2400 absumeret;
1155 2337 1204 2399 qui
1215 2350 1295 2388 sano·

61 2417 146 2469 tione
156 2415 342 2483 promulgata
352 2415 442 2467 libros
453 2416 654 2478 occuluissent,
665 2417 694 2467 in
707 2416 826 2468 exilium
838 2417 1024 2482 pellerentur,
1037 2418 1184 2483 proposita
1195 2418 1301 2482 capitis

59 2512 161 2564 poene
179 2500 210 2550 et
228 2500 408 2550 lortunarum
420 2499 632 2559 confiscatione,
653 2499 678 2549 si
697 2512 797 2550 rursus
817 2499 910 2552 simile
931 2501 1083 2565 quidquam
1101 2501 1293 2552 admitterent.

59 2580 136 2632 Cum
148 2581 241 2647 igitur
252 2581 282 2632 et
293 2580 415 2632 Ioannes
426 2579 569 2633 Frelinius
578 2582 608 2632 et
616 2579 773 2632 Insulensis
785 2584 899 2633 senatus
909 2580 1077 2648 diligentem
1086 2583 1163 2634 circa
1171 2581 1294 2634 baereti-

58 2662 301 2729 coadetegendos
310 2662 567 2727 opprimendosque
577 2676 692 2728 operam
701 2664 1295 2728 impenderentperiectumsaneest,quam

56 2745 191 2796 maximo
203 2743 290 2797 huius
301 2741 414 2797 ditionis
427 2746 511 2803 bono,
521 2747 551 2796 vt
563 2744 671 2796 nullum
684 2747 751 2797 tuno
763 2759 797 2797 ea
809 2746 897 2810 pestis
910 2746 1118 2798 incrementum
1130 2747 1255 2811 caperet.

330 2858 359 2910 J.
377 2858 537 2917 Buzelinus,
560 2857 690 2911 Annales
709 2857 966 2917 dallo-Flanona«,
986 2858 1039 2910 blz.
1062 2858 1183 2910 lab-497.
1197 2858 1291 2910 -Als

365 2941 494 2992 bronnen
502 2941 582 3006 geelt
590 2941 628 3004 hij
640 2955 694 3005 op:
708 2942 803 2993 Littcr.
817 2940 908 2994 Nicol.
920 2942 1039 3008 Ooppim'
1049 2950 1074 2993 ιι
1087 2940 1180 2994 Caroli
1191 2941 1292 3007 imper.

640 3145 725 3214 681.

122 3324 605 3405 1525·1528,Amsterdam.
633 3328 814 3397 Uittreksel
841 3327 890 3396 uit
913 3349 973 3396 eon
1000 3326 1208 3397 handschrift
1235 3327 1296 3396 der

67 3433 128 3499 16·
139 3453 246 3513 eeuw,
258 3433 396 3518 volgens
408 3431 555 3501 hetwelk
566 3431 607 3498 de
619 3432 702 3499 oude
716 3432 834 3499 schout
847 3433 911 3502 Mr.
925 3436 945 3501 J
947 3455 989 3500 an
1002 3432 1200 3512 Hubreohts,
1214 3431 1293 3501 (lor-

65 3534 154 3602 nelis
170 3534 342 3602 Benninok
358 3554 398 3600 cn
417 3534 480 3603 Mr.
496 3534 609 3601 Pictor
620 3534 721 3622 Colyn
734 3555 800 3602 rau
817 3535 950 3624 ketterij
968 3535 1101 3603 werden
1119 3535 1289 3603 verdacht.

67 3675 109 3687 -
126 3637 179 3706 Na
189 3636 349 3704 herhaald
362 3637 543 3703 oudemoek
560 3637 652 3703 werd
664 3637 744 3706 aelle
761 3658 820 3704 een
846 3638 966 3725 geding
991 3643 1089 3724 teger
1119 3637 1185 3704 hen
1201 3638 1294 3724 inge·

66 3758 231 3826 spanneu,
249 3739 307 3807 dat
324 3743 376 3806 ter
391 3739 479 3806 wille
494 3759 558 3805 ran
576 3740 616 3806 de
644 3739 736 3820 bede,
763 3740 843 3807 door
857 3741 921 3807 den
936 3741 1056 3808 Keiaer
1078 3762 1140 3809 aan
1164 3740 1206 3807 de
1222 3740 1296 3809 stad

64 3842 279 3911 Amsterdam
301 3843 479 3930 germagd
500 3843 592 3909 werd
609 3844 793 3930 geschorst.

98 3981 159 4032 Dat
169 3982 218 4033 ten
230 3980 329 4033 aeluen
342 3981 411 4046 tljde
425 3979 520 4048 [1525]‚
531 3983 604 4033 ende
617 3981 679 4033 dair
691 3995 769 4043 naer,
780 3981 817 4045 bij
833 3980 983 4034 diuersehe
994 3981 1178 4046 jniormatien
1189 3981 1296 4034 beuon·

60 4063 122 4125 deu
145 4075 178 4115 es
197 4064 331 4129 geweest
351 4063 400 4114 dat
417 4064 463 4115 die
481 4054 554 4115 oude
567 4064 668 4115 schout
680 4064 734 4115 ιιι.
747 4064 765 4115 J
768 4077 803 4114 an
821 4062 984 4116 Hubrcchts
996 4065 1068 4117 ende
1080 4063 1209 4116 cornelia
1221 4063 1295 4116 Ben-

60 4145 157 4199 uinels
180 4145 254 4199 ende
270 4143 326 4200 llr.
343 4144 442 4200 Pictor
465 4145 554 4211 colyn
578 4146 649 4210 nijet
668 4145 800 4199 sincheer
811 4160 847 4200 en
860 4146 977 4207 wairen,
996 4148 1078 4212 ende,
1099 4147 1141 4198 als
1161 4146 1227 4203 dois
1240 4158 1293 4198 van
