3224 5400
690 509 794 564 ANNO
812 509 875 562 1525
1367 505 1399 557 tl

175 693 243 732 rum
253 677 438 746 capellanum
456 676 630 744 Bergensem
644 673 773 728 exhibita
783 673 900 727 iuitssu
913 671 1050 740 products
1066 671 1095 724 in
1113 669 1236 738 cepitu10
1255 668 1401 737 Bergensc

176 762 303 828 quedam
312 760 422 822 cedula,
433 760 582 812 continens
594 758 720 810 diversos
732 756 868 809 articulos
877 769 936 808 non
948 754 1114 819 catholicos,
1126 755 1330 806 concernentes
1338 765 1402 818 per·

174 859 278 910 sonam
300 843 411 909 Nicolsj
434 843 475 907 roi
498 843 534 894 de
552 841 635 892 dictis
659 853 711 906 per
732 840 844 892 eumin
863 838 1040 890 sermonibus
1055 838 1085 890 et
1101 837 1250 898 conviviis3
1269 836 1400 901 quodque

173 925 468 993 hujusmodiceduls
486 924 541 976 luit
563 924 669 988 scripta
691 936 777 974 msnu
807 921 914 973 domini
937 920 1059 973 Huberti
1086 920 1200 972 Andree
1228 919 1264 971 de
1291 917 1400 971 Puluds

175 1009 248 1074 dicti
262 1008 346 1061 Badt.
524 1017 526 1025 ·
750 1011 761 1024 “
866 1013 868 1017 ’
1315 1038 1320 1042 -

210 1091 323 1144 Deinde
335 1090 513 1144 examinatus
536 1088 588 1139 fuit
607 1101 695 1152 super
713 1086 835 1138 materis
852 1085 1036 1151 producendi.
1050 1084 1086 1138 Et
1096 1084 1288 1150 primoisuper
1299 1083 1400 1149 quarto

173 1173 302 1226 articulo
318 1172 482 1237 incipiente
495 1169 565 1223 ltsm
586 1167 664 1238 quod·
678 1175 743 1220 rsus
768 1171 894 1236 ipseper
912 1174 1018 1219 certum
1037 1178 1121 1218 suum
1141 1167 1261 1218 amicum
1284 1165 1401 1231 Locos&

173 1254 345 1309 recidentem
356 1255 461 1323 ropasp'*
471 1254 536 1322 fecit
550 1256 618 1310 etc..
631 1251 808 1303 examinatus
826 1250 908 1300 testis
925 1248 996 1300 dicit
1007 1262 1042 1300 se
1061 1248 1097 1300 de
1114 1247 1276 1313 hujusmodi
1288 1246 1402 1299 articuli

173 1338 321 1390 contentis
341 1336 466 1400 nescim
481 1336 560 1388 dicit
578 1337 672 1386 tumen
693 1337 791 1384 rerum
811 1338 883 1392 esse,
906 1331 982 1395 quod
1000 1331 1061 1395 ipso
1080 1330 1216 1386 testissd
1233 1328 1400 1382 instanciam

173 1420 311 1487 magistri
333 1417 481 1471 Michaelis
504 1418 594 1469 Brant
615 1416 730 1480 scripsit
752 1413 863 1466 litteras
889 1413 924 1465 sd
953 1413 1101 1478 quemdam
1124 1426 1206 1464 suum
1225 1412 1349 1464 smicum
1370 1411 1400 1463 in

173 1501 316 1559 Lovsnio,
336 1501 372 1551 sd
392 1499 576 1550 obtinendum
594 1497 821 1549 commissionem
841 1495 1034 1559 inquisitionis
1057 1495 1187 1546 iaciendo
1207 1508 1293 1560 super
1315 1495 1399 1555 lama,

173 1597 235 1647 que
246 1584 311 1635 crat
320 1583 422 1634 contrs
432 1595 513 1633 reum
527 1581 556 1631 in
570 1580 673 1644 Bergis
684 1591 771 1644 supra
781 1579 906 1636 Zomsm,
914 1578 1050 1641 quodque
1059 1576 1110 1628 illa
1122 1577 1323 1629 tieretduobus
1332 1577 1401 1629 viris

173 1665 272 1716 doctis
283 1665 314 1716 et
323 1664 430 1730 probis.
443 1667 473 1714 et
483 1663 538 1714 hoc
552 1663 587 1713 ad
597 1662 770 1727 parcendum
783 1672 936 1725 expensas3
949 1660 1126 1724 dicit-etism,
1138 1660 1213 1723 quod
1223 1661 1324 1724 crpost
1333 1673 1400 1712 reus

173 1745 356 1812 retulitipsi
373 1746 448 1806 testi,
468 1746 543 1810 quod
561 1745 695 1796 credebat
712 1743 848 1795 sciuisse
865 1744 982 1794 citatum
991 1743 1036 1795 ad
1053 1742 1217 1794 lovanium.
1232 1743 1400 1794 auctoritate

173 1829 288 1894 domin]
309 1828 496 1893 inquisitoris,
521 1828 572 1880 sed
593 1826 717 1891 scripsit,
741 1827 815 1889 quod
836 1838 893 1876 non
906 1826 971 1876 ¹luit
990 1826 1153 1886 citatus„et
1171 1827 1324 1890 propteroa
1343 1838 1400 1876 nou

173 1911 350 1977 composuit.
1103 1931 1105 1937 v

211 1993 413 2046 Pretermissis
424 1994 541 2058 insuper
553 1991 616 2056 aliJs
628 1991 765 2049 articulis.
778 2004 865 2056 super
876 1991 977 2053 quibus
989 1990 1050 2054 ipse
1063 1990 1144 2042 testis
1156 2004 1212 2041 uon
1224 1990 1399 2055 producitur,

173 2078 375 2142 interrogatus
387 2077 442 2128 luit
452 2077 595 2141 postremo
608 2074 783 2141 generaliter
795 2077 824 2125 et
834 2075 988 2138 respondet
1005 2087 1035 2124 se
1051 2075 1114 2124 iore
1132 2074 1216 2125 etatis
1234 2074 1401 2125 sufficientis

173 2174 211 2212 ac
231 2160 373 2212 bonorum
391 2159 512 2211 nominis
530 2159 562 2209 et
581 2158 670 2221 tame3
689 2158 724 2208 ud
745 2156 801 2208 alia
818 2156 875 2221 sibi
898 2155 1073 2222 generaliter
1089 2156 1402 2223 iactsinterrogstoris

176 2242 317 2308 negative
329 2241 491 2306 respondet
789 2250 791 2253 ’
1032 2259 1034 2269 ν
1063 2260 1065 2265 ·
1148 2261 1150 2269 1

217 2401 249 2453 V.
269 2401 375 2454 lisdem
396 2402 441 2453 die
452 2402 539 2452 citata
555 2402 611 2453 tuit
620 2414 673 2466 per
692 2415 737 2454 me
749 2402 891 2453 notarium
910 2400 1101 2466 subscriptum
1119 2400 1269 2454 domicella
1287 2402 1398 2469 Margs·

173 2486 236 2538 rita
246 2498 302 2535 van
314 2485 414 2548 Dijest,
435 2483 535 2535 relicta
554 2485 694 2548 quondam
706 2484 837 2550 Symonis
854 2484 995 2548 EverdeiJ,
1008 2485 1037 2535 in
1056 2485 1140 2549 opido
1153 2485 1188 2536 de
1201 2485 1302 2551 Bergis
1315 2499 1400 2550 supra

173 2567 295 2620 Zomam
306 2579 494 2628 commorans,
507 2580 561 2630 que
570 2568 708 2630 producta
718 2580 769 2631 per
778 2569 903 2618 actorem
912 2567 1027 2630 J'uravit,
1038 2580 1072 2617 ex
1082 2568 1280 2619 commissione
1290 2568 1396 2633 dominj

175 2649 362 2715 inquisitoris
374 2649 460 2701 michi
470 2650 580 2700 notario
592 2652 677 2707 iacta,
690 2651 720 2702 et
731 2650 863 2713 deposuit
874 2652 960 2713 prout
977 2642 1123 2713 sequitur:
1142 2670 1144 2675 ¹
1184 2685 1186 2688 ι
1212 2675 1214 2678 ·

208 2731 243 2783 In
255 2732 358 2797 primis
369 2733 486 2784 reducto
499 2734 563 2791 etc,
574 2732 750 2797 interrogato
762 2745 847 2796 super
866 2732 971 2783 noticia
980 2733 1112 2796 partium,
1127 2733 1397 2800 scinterrogatorijs

173 2828 230 2882 pro
241 2816 326 2880 parte
337 2828 388 2866 res
398 2815 460 2879 flsrj
474 2814 629 2878 requisitis,
642 2814 741 2865 eadem
753 2815 833 2866 testis
842 2815 1005 2880 respondet,
1019 2815 1094 2878 quod
1106 2817 1230 2867 actorem
1243 2818 1398 2880 producen-

174 2900 236 2950 tem
246 2910 304 2948 non
315 2897 416 2957 noscit,
426 2909 505 2947 reum
516 2896 693 2958 veterescit,
705 2909 788 2958 quem
798 2896 919 2948 novitsb
928 2897 995 2961 xviij
1010 2898 1091 2948 annis
1103 2900 1132 2948 et
1145 2896 1230 2956 ultra,
1236 2899 1398 2963 audivitque

173 2980 241 3044 ipss
252 2979 335 3030 testis
347 2977 413 3042 dici,
427 2978 500 3041 quod
510 2977 646 3043 magister
657 2976 777 3029 Michuel
792 2978 881 3030 Brant
896 2978 1060 3030 sollicitavit
1070 2981 1170 3031 contre
1180 2992 1261 3030 reum
1274 2985 1396 3044 secrcte;

174 3061 228 3112 sed
240 3060 311 3112 dicit
322 3073 353 3112 se
365 3059 486 3110 tirmiter
497 3060 623 3117 credere,
637 3060 711 3122 quod
723 3060 797 3110 idem
810 3061 945 3126 magister
956 3061 1010 3112 hoc
1021 3061 1091 3112 lecit
1104 3074 1199 3112 amore
1212 3061 1290 3124 tidej.
1302 3062 1398 3113 Credit

174 3143 266 3195 etiam
283 3142 346 3207 ipss
363 3143 454 3202 testis,
473 3143 513 3205 utj
533 3142 611 3206 dicit,
629 3142 703 3204 quod
721 3142 827 3192 domini
844 3143 1009 3207 principalis
1026 3142 1145 3194 ecclesie
1158 3143 1310 3207 Bergensis
1328 3156 1396 3208 egre

174 3226 278 3277 ierunt
288 3238 424 3290 magnum
442 3237 608 3275 concursum
626 3222 723 3288 populi
741 3224 776 3274 ad
794 3223 996 3291 beghinagium
1015 3225 1188 3291 Bergenscm
1206 3228 1235 3276 et
1252 3239 1396 3277 sermones

174 3309 220 3372 rej
247 3310 277 3359 et
296 3307 372 3371 quod
383 3307 464 3371 pauo]
478 3307 595 3357 veniunt
607 3306 642 3356 ad
654 3319 752 3357 eorum
765 3305 922 3357 ecclesiam.
942 3308 1017 3358 Dicit
1034 3307 1153 3370 insuper
1170 3307 1251 3358 testis
1268 3306 1395 3371 loquens,

175 3389 254 3455 quod
267 3390 333 3441 sunt
342 3387 436 3452 alique
446 3389 545 3439 devote
556 3387 678 3453 beghine
688 3388 717 3437 in
726 3387 899 3453 beghinugio
908 3392 1044 3453 pretsoto‚
1056 3401 1111 3452 que
1122 3389 1193 3440 bene
1202 3387 1308 3440 vellent
1316 3402 1397 3441 reum

174 3486 234 3525 non
244 3469 278 3539 (t)
295 3485 358 3522 esse
375 3471 541 3522 destitutum
554 3483 570 3520 a
581 3482 650 3521 curs
662 3469 835 3535 beghinagij,
849 3470 916 3532 quia
925 3470 1057 3536 beghinis
1074 3471 1153 3534 ipsis,
1167 3471 1209 3522 uti
1221 3472 1301 3522 testis
1313 3472 1394 3530 dixit,

174 3556 302 3610 videtur.
314 3555 390 3618 quod
403 3554 493 3605 dictus
505 3567 572 3604 reus
584 3553 621 3603 sit
632 3553 716 3603 nimis
729 3555 875 3616 suspectus
893 3553 927 3604 de
940 3552 1035 3604 heresi
1047 3553 1219 3614 Luthersna,
1235 3555 1320 3607 etism
1332 3556 1398 3619 quis

174 3639 254 3696 sunt,
268 3636 308 3701 ut]
323 3636 404 3688 testis
416 3635 494 3690 dicit.
508 3636 537 3686 ct
548 3636 717 3700 contingunt
727 3634 815 3686 multe
833 3636 1060 3687 conversationes
1078 3637 1154 3688 inter
1170 3651 1251 3689 reum
1268 3640 1396 3689 curatum

174 3723 207 3772 et
223 3719 377 3784 magistras
398 3716 560 3783 beghinagtj
582 3717 712 3781 protecti,
734 3717 865 3779 quodque
887 3718 961 3769 dicte
982 3718 1082 3770 devote
1101 3719 1225 3784 beghine
1244 3722 1397 3785 propterea

173 3804 283 3854 tamam
300 3801 400 3850 contra
415 3800 558 3864 prelatum
575 3812 655 3849 reum
673 3801 800 3849 curatum
813 3798 847 3849 de
860 3801 937 3850 secte
948 3798 1065 3863 Lutherj
1078 3801 1209 3852 iecerunt
1220 3815 1270 3854 seu
1282 3802 1397 3867 amplia·

173 3886 254 3936 runt.
269 3881 346 3933 Dicit
362 3882 449 3933 etiam
465 3881 540 3932 dicta
558 3881 638 3931 testis
655 3893 686 3932 se
703 3880 843 3930 audivisse
855 3894 872 3931 a
884 3882 1002 3944 quadum
1013 3882 1157 3934 Anthonis
1174 3884 1209 3935 de
1226 3883 1394 3945 Haltheren,

174 3964 304 4032 beghins
315 3963 382 4028 dictj
393 3961 568 4029 beghinagij,
579 3964 653 4026 quod
666 3963 782 4014 luerunt
793 3963 822 4013 in
835 3963 935 4015 eodem
944 3963 1115 4031 beghinagio
1126 3964 1260 4017 nonnulle
1273 3964 1396 4032 beghine

173 4049 287 4100 stantes
298 4046 420 4098 tirmiter
430 4045 460 4097 in
478 4045 543 4106 tide,
557 4059 610 4109 que
623 4059 697 4097 nunc
714 4044 852 4096 haberent
864 4045 948 4098 fldem
965 4060 1020 4097 non
1037 4049 1162 4111 rectam3
1176 4048 1251 4111 quod
1263 4048 1317 4100 sibi
1329 4049 1394 4114 test]

173 4131 279 4183 eadem
295 4127 440 4180 Anthonia
452 4142 515 4178 cum
529 4126 646 4191 querela
657 4128 830 4179 conterendo
848 4128 988 4192 exposuit,
1007 4130 1046 4192 ut]
1060 4129 1122 4194 ipsa
1134 4130 1213 4181 testis
1233 4130 1319 4182 etiam
1331 4131 1395 4183 sub·

173 4212 284 4279 lunxit3
297 4212 334 4262 sd
345 4209 402 4262 alia
415 4209 467 4275 sibj
482 4210 548 4261 testi
561 4211 637 4261 tacta
647 4210 868 4276 interrogatoris
884 4211 982 4262 eadem
995 4211 1075 4262 testis
1090 4212 1221 4278 negative
1232 4213 1395 4281 respondet,

173 4307 290 4348 causam
311 4291 447 4344 scientiae
466 4305 582 4343 suorum
602 4292 848 4358 predepositorum
870 4293 993 4345 reddens
1013 4305 1049 4345 ex
1068 4292 1123 4358 hus
1146 4295 1176 4347 et
1199 4307 1252 4361 per
1274 4308 1317 4357 es,
1340 4309 1396 4360 que

173 4376 311 4444 superius
324 4375 467 4442 deponens
480 4375 562 4426 dixit.

206 4457 323 4512 Deinde
339 4471 425 4524 super
441 4458 561 4510 materis
578 4457 645 4524 dictj
663 4459 835 4524 promotoris
852 4471 902 4511 seu
915 4458 1108 4524 procuratoris
1125 4456 1187 4511 fisci
1203 4473 1298 4512 coram
1315 4460 1394 4513 vobis

173 4539 318 4606 exhibitu,
331 4543 361 4594 et
374 4539 504 4608 primitus
515 4554 602 4607 super
613 4555 669 4605 qua
679 4540 818 4608 particule
835 4539 934 4607 desimj
952 4541 1032 4607 tercij
1050 4541 1162 4608 articul]
1180 4541 1343 4610 incipientis
1359 4543 1393 4598 Et
