3188 5394
584 108 685 165 ANNO
704 111 768 164 1525
1248 102 1284 162 49

61 274 135 340 ioht:
146 290 237 339 macr,
247 275 297 330 aa
303 278 340 330 iot
348 291 369 330 u
379 274 439 344 plat
447 281 495 329 oid
504 277 625 345 reppetit
634 289 715 329 maer
722 290 762 344 pp
773 281 816 342 syc
827 270 960 328 animet
969 268 1137 346 cnpgtooicin
1146 268 1213 341 phy.
1226 267 1285 324 Oct

61 358 151 413 hercl
161 358 267 427 polone,
279 358 331 414 boo
342 359 427 427 lonpc
436 357 499 413 bebi
507 357 700 428 ychslopmi
709 374 731 408 u
742 357 834 410 credo
842 358 871 409 in
885 358 976 410 Deum
987 360 1011 410 is
1023 356 1072 410 dae
1081 372 1102 409 ιι
1111 349 1206 424 pedire
1216 356 1229 407 l
1240 351 1285 407 hei

62 446 86 495 is
93 459 145 497 cen
154 445 261 513 quas&
269 442 316 517 het
327 446 352 497 is
363 458 412 496 een
421 441 529 495 interint
535 441 639 509 pctore,
650 456 685 494 en
694 443 720 493 ic
730 440 825 505 ptocbc
832 438 903 492 noch
914 441 999 494 ὸουση
1011 437 1074 493 bida
1084 447 1163 492 cante
1171 437 1284 506 endcqy

61 542 95 580 sn
112 535 159 596 syt
175 531 234 582 niet
244 534 340 589 scam,
354 524 404 580 dat
411 523 481 593 qbyl
494 522 578 578 boren
591 523 656 584 suli,
669 539 748 576 moer
762 522 907 578 insnum
919 541 937 575 n
949 522 1020 576 noct
1030 521 1062 575 ol
1071 520 1282 590 anderseypen,

65 644 248 662 .....
285 609 324 678 Op
336 611 407 661 sinte
418 609 529 661 Marna
540 605 612 660 dact
623 608 693 660 ends
712 622 745 671 op
756 613 836 672 synte
849 605 1008 659 Mutum
1025 603 1097 658 doch
1114 603 1235 657 meeber
1244 620 1284 672 μμ

63 691 106 744 dis
117 690 252 760 heyliqcn
264 708 313 744 cen
323 692 422 753 burm
430 704 469 756 pp
481 688 616 743 onsteeket
626 688 674 741 dic
689 686 772 740 dunel
780 697 871 741 tice...
885 703 920 755 op
930 697 1010 756 syme
1021 686 1155 742 Nicotaus
1167 685 1283 740 dach...

62 774 112 826 Dis
121 772 221 827 hechia
229 781 298 826 sinet
307 781 373 839 pact
383 773 469 825 bosen
480 771 537 824 ulle
548 778 616 824 state
627 771 697 824 ends
708 769 767 823 veel
777 785 808 822 so
819 768 911 823 belich
919 768 1041 823 worden.

89 857 218 921 Insuper
237 857 397 908 examinata
418 867 503 918 super
523 854 633 905 decimo
646 855 726 906 sexto
747 852 867 905 articulo
890 854 1044 918 incipiente
1056 853 1127 905 Item
1146 850 1285 905 diabolico

59 939 195 990 intinctu
207 941 272 1002 etc,
283 938 437 1001 respondet
448 935 609 1001 hujusmodi
618 937 771 988 articulum
788 937 882 1001 quoad
901 936 989 987 verba
1008 935 1172 988 theutonica
1189 934 1282 987 eidem

57 1022 170 1072 inserta
182 1023 245 1072 lore
256 1034 364 1078 verum,
375 1033 487 1070 causam
497 1020 614 1071 scientie
624 1020 828 1083 reddens‚quia
838 1020 900 1084 ipsa
909 1018 990 1071 testis
1000 1019 1132 1070 interluit
1146 1016 1293 1078 sermoni,¹

56 1103 123 1153 dum
146 1116 216 1155 reus
235 1103 335 1155 eadem
346 1102 434 1153 verba
450 1102 624 1166 predicavit;
638 1102 756 1153 sednon
777 1103 831 1152 scit
842 1105 891 1152 aut
910 1102 1087 1159 recordatur,
1106 1098 1282 1164 quandoboc

53 1186 122 1242 luit.
136 1184 217 1236 selvo
229 1185 314 1248 quod,
324 1185 410 1248 prout
422 1183 523 1235 melius
532 1185 633 1240 credit,
644 1185 746 1235 accidit
756 1184 834 1236 inter
843 1185 917 1236 lesta
927 1185 1017 1248 sanctj
1028 1184 1143 1247 Martini
1157 1183 1186 1235 et
1195 1181 1281 1233 Noti·

53 1267 156 1318 vitstis
168 1267 276 1318 Christi
295 1265 404 1325 ultime,
417 1267 447 1316 et
455 1267 485 1316 in
502 1265 623 1318 ecclesia
632 1265 795 1332 beghinaglj
808 1266 938 1330 preteeti.

89 1347 187 1412 Super
195 1349 305 1400 decimo
317 1347 569 1411 septimo-articulo
581 1349 736 1412 incipiente
746 1349 877 1401 Preterea
887 1349 947 1400 licei
957 1351 1023 1408 etc..
1031 1348 1192 1401 examinata
1200 1347 1289 1400 testis¹

55 1430 137 1489 dicit,
160 1442 192 1481 se
210 1428 298 1480 nichil
318 1429 353 1480 dc
373 1429 513 1479 contentis
533 1428 695 1493 hujusmodi
715 1428 826 1494 articulj
848 1430 991 1493 deponere
1009 1431 1093 1488 scire,
1111 1429 1188 1481 salvo
1206 1428 1288 1494 quod*

54 1510 169 1575 aliquid
181 1511 217 1562 de
226 1510 353 1574 ejusdem
362 1510 504 1561 contentis
517 1509 572 1560 dici
581 1509 689 1560 audivit
698 1523 715 1561 a
723 1511 843 1573 quadam
855 1510 946 1562 Maria
962 1512 1056 1572 vidua,
1067 1513 1205 1565 vendente
1218 1524 1280 1576 spe·

55 1593 116 1645 cies
129 1595 161 1645 et
172 1593 339 1657 Antwerpie
350 1593 556 1643 commorante.

88 1675 186 1740 Super
195 1676 307 1728 decimo
319 1676 418 1726 octavo
431 1674 551 1725 articulo
563 1674 718 1739 incipiente
730 1672 798 1727 Item
810 1673 859 1727 dot
871 1691 934 1729 men
946 1675 991 1728 die
1000 1673 1127 1743 beytiyen
1137 1677 1202 1734 etc,
1216 1687 1282 1727 exa·

55 1759 167 1809 minute
175 1758 258 1810 testis
269 1757 435 1821 respondet,
445 1771 476 1808 se
497 1758 605 1807 tantum
623 1758 658 1808 de
670 1758 811 1808 contentis
831 1756 993 1822 hujusmodi
1010 1757 1122 1823 articulj
1137 1760 1280 1824 deponere

56 1841 131 1892 scire
143 1853 179 1892 ac
190 1853 289 1892 rerum
301 1853 373 1899 esse,
387 1840 462 1903 quod
473 1852 540 1890 reus
558 1839 642 1891 huius
662 1853 756 1900 cause,
769 1841 798 1890 in
811 1841 932 1904 quodam
944 1854 995 1892 suo
1007 1854 1138 1893 sermone
1150 1854 1202 1906 per
1215 1855 1280 1894 eum

56 1923 143 1982 lecto,
155 1936 214 1973 non
224 1922 379 1974 recordans
389 1922 423 1972 de
436 1921 491 1982 die,
505 1921 639 1981 dixithec
651 1921 737 1973 verbe
750 1936 757 1973 :
770 1922 852 1978 chsl
860 1922 987 1990 peloctpc
997 1923 1154 1988 mmcben,
1166 1925 1280 1977 cenbidt

56 2020 141 2056 ccum
153 2003 219 2056 God
227 2018 237 2066 ,·
245 2011 290 2055 ten
301 2001 389 2070 lepbet
398 2018 451 2054 aen
458 2002 547 2069 picen
558 2002 669 2063 hidrei,
682 2012 727 2055 ten
739 2002 827 2072 leqbct
843 2019 897 2055 oen
906 2003 996 2071 pheon
1010 2013 1105 2058 vasten
1117 2016 1211 2074 ,·coopt
1222 2020 1280 2058 oon

57 2084 101 2138 dis
111 2089 225 2138 sicutne
234 2085 384 2152 Eranyelic
396 2085 570 2145 boecksbcns,
584 2085 648 2137 leest
657 2085 726 2137 decr
736 2087 778 2148 in,
790 2085 912 2140 studecrt
920 2087 990 2140 door
1000 2091 1031 2139 in
1044 2088 1114 2140 ende
1124 2087 1203 2141 sucht
1215 2101 1279 2140 coss·

58 2166 182 2227 usondn
204 2166 264 2237 phy
283 2166 439 2221 subsultet
455 2166 579 2230 worden,
598 2183 712 2220 eausam
732 2170 868 2222 scientiae
885 2170 1016 2229 reddens,
1029 2171 1097 2234 quia
1112 2172 1175 2237 ipsa
1197 2171 1278 2224 testis

61 2251 176 2302 audivit.

88 2333 183 2397 Super
194 2333 328 2384 vicesimo
349 2333 472 2384 secundo
484 2331 604 2385 articulo
622 2333 776 2398 incipiente
796 2335 867 2386 Iton
884 2335 958 2403 qaod
974 2334 1277 2404 licetoirpinitasetc„

65 2416 221 2468 examinata
228 2416 310 2467 testis
321 2415 483 2479 respondet,
490 2416 576 2467 verbe
585 2416 749 2468 theutonice
760 2417 910 2470 articulata
917 2432 969 2482 per
977 2432 1059 2470 reum
1068 2419 1156 2472 luisse
1165 2419 1277 2484 prolata

66 2498 88 2549 in
98 2497 221 2550 ecclesie
231 2497 394 2563 beghinagij
408 2498 527 2563 pretacti
546 2512 579 2549 ac
596 2499 625 2549 in
643 2511 774 2550 sermone
785 2513 837 2563 per
848 2514 929 2551 reum
941 2502 1015 2552 lacto
1028 2503 1066 2560 et,
1079 2492 1164 2566 prout
1174 2502 1277 2555 melius

68 2579 169 2642 recolit,
186 2581 250 2645 ipso
268 2580 314 2632 die
331 2580 420 2644 sanctj
439 2580 549 2644 Nicolaj
571 2579 669 2632 ultime
689 2583 842 2644 transacto,
860 2596 973 2634 causam
991 2583 1126 2637 scientias
1143 2584 1275 2647 reddens,

71 2663 129 2728 quia
138 2663 200 2727 ipse
211 2663 293 2714 testis
305 2661 467 2726 hujusmodi
478 2677 638 2714 sermonem
650 2664 766 2714 audivit.

94 2744 161 2796 Item
175 2745 354 2810 interrogate
365 2745 427 2808 ipsa
447 2745 527 2796 iestis
538 2758 591 2809 per
613 2747 757 2797 dominum
778 2759 813 2799 ex
827 2748 930 2808 officio,
944 2761 979 2799 an
998 2763 1033 2801 ne
1051 2748 1126 2801 ultra
1138 2750 1277 2815 premisse

69 2831 124 2894 ipsu
133 2827 213 2879 testis
231 2840 363 2890 umquem
375 2827 515 2878 audiverit
527 2841 562 2879 ex
574 2841 624 2879 reo
642 2827 737 2892 aliqua
748 2843 802 2893 que
819 2831 927 2881 luerint
943 2831 1043 2883 contra
1054 2832 1148 2897 tidem,
1160 2846 1276 2897 respon-

69 2910 113 2964 det
125 2909 305 2961 seoudivisse
321 2923 338 2960 a
355 2910 474 2972 quadum
485 2909 635 2984 juvencula
648 2912 746 2962 vocata
760 2910 901 2974 iohanne,
926 2911 986 2963 tilia
1008 2913 1136 2978 AdrienJ',
1155 2916 1275 2967 oriunda

20 3004 26 3079 f
69 2996 102 3044 de
116 2991 213 3057 Bergis
225 2993 255 3043 et
275 2990 419 3044 habitante
443 2993 517 3055 apud
540 2992 630 3057 ipsam
643 2995 753 3053 testem,
775 2993 898 3057 qualiter
915 2996 1013 3046 eadem
1029 2995 1171 3062 Johnnna,
1182 2998 1275 3062 prims

16 3086 23 3145 l
66 3075 111 3126 die
119 3074 256 3137 presentis
265 3074 370 3125 mensis
382 3073 458 3138 Maij‚
474 3075 605 3125 interluit
627 3076 747 3139 sermon]
761 3077 805 3128 rei
822 3077 851 3127 in
864 3077 939 3127 dicto
951 3077 1135 3144 beghinagio,
1148 3079 1195 3130 ubl
1207 3094 1274 3133 reus

11 3154 21 3251 f
66 3156 144 3207 dixit:
154 3154 303 3224 infernum
314 3171 371 3207 non
383 3158 558 3220 cinefactum
568 3171 621 3225 pro
631 3156 769 3222 fidelibus,
782 3158 831 3210 sed
838 3173 894 3226 pro
905 3158 1081 3225 infidelibus·
1090 3161 1186 3213 dicens
1201 3163 1273 3215 ulte-

10 3260 14 3313 ¹
63 3234 119 3285 rius
129 3235 203 3300 quod
214 3237 282 3287 sunt
290 3235 380 3286 adhuc
398 3235 492 3299 ulique
512 3237 634 3288 scientes
646 3237 759 3302 longius
769 3239 804 3290 de
825 3238 878 3289 hac
897 3241 1025 3300 materia,
1044 3242 1144 3305 petens
1161 3255 1197 3292 an
1209 3242 1274 3295 illas

10 3318 13 3339 ¹
63 3319 153 3379 posset
163 3318 311 3369 nominare
322 3320 416 3382 prout,
434 3320 629 3370 consentiente
647 3320 760 3370 domino
773 3321 953 3384 inquisitore,
967 3323 1122 3374 nominavit
1136 3318 1274 3388 personas

62 3403 217 3461 sequentes,
230 3399 379 3452 videlicet:
392 3401 538 3452 Elisabeth
551 3402 644 3452 Deens
656 3416 706 3454 seu
717 3402 869 3460 Tabbaers‚
883 3402 1060 3455 domicellam
1072 3405 1175 3457 dictam
1187 3407 1273 3458 Ever-

62 3477 136 3544 derz,
145 3483 220 3547 apud
231 3483 435 3535 monasterium
448 3482 579 3534 Fratrum
591 3483 733 3535 Minorum
746 3485 814 3536 dicti
826 3486 904 3549 opidi
921 3486 1075 3552 Bergensis
1087 3487 1273 3552 habitantem,

62 3558 224 3626 iohannem,
260 3578 378 3618 uxorem
407 3566 529 3630 Cornelii
555 3567 701 3625 Goenrats,
726 3568 800 3631 apud
823 3567 985 3636 hospitale„
1004 3568 1124 3630 Claram,
1153 3585 1273 3624 uxorem

65 3643 160 3712 Angelj
185 3645 327 3712 pelliflcis,
358 3639 492 3711 quasdam
521 3648 684 3707 Adrianam,
715 3649 887 3700 Dorotheam
915 3651 944 3703 et
969 3652 1090 3710 Annam,
1119 3654 1273 3705 earundem

69 3727 181 3781 Adriane
189 3730 218 3781 et
230 3728 374 3781 Dorothee
387 3729 562 3793 ancillam,in
575 3730 649 3780 dicto
663 3729 834 3796 beghinagio
842 3735 1059 3792 commorantes,
1068 3732 1086 3785 ,J
1088 3732 1227 3786 ohannem
1237 3736 1272 3788 de

72 3806 156 3862 Bredc
170 3810 202 3861 ad
213 3810 402 3876 intersignum
422 3824 486 3862 rose
502 3824 591 3876 prope
608 3814 637 3862 et
657 3815 739 3863 extra
755 3815 866 3876 portam
883 3814 1057 3879 Bergensem
1070 3815 1173 3867 dictam
1192 3817 1285 3868 Wou»

74 3889 130 3944 scie
138 3899 206 3957 porte
215 3896 447 3944 commorantem.
461 3892 613 3957 creditque
625 3895 720 3953 etiam,
733 3895 774 3959 utj
789 3895 869 3954 dixit,
894 3896 969 3959 quod
981 3898 1111 3949 dominus
1124 3899 1271 3951 Cornelius

79 3988 125 4026 iau
139 3973 321 4040 Eieselingem
339 3975 501 4039 capellanus
521 3975 641 4028 ecclesie
662 3976 825 4042 Bergensin
844 3977 914 4029 sciat
934 3979 969 4029 de
986 3980 1131 4043 premissis
1148 3978 1288 4047 longius,

82 4055 173 4110 scilicet
182 4056 310 4109 dominus
319 4057 464 4109 hubertus
476 4059 567 4110 dictus
577 4059 612 4111 de
622 4058 746 4111 Zeclant.

23 4171 26 4207 2
108 4139 238 4192 Postremo
247 4140 315 4205 ipsa
323 4140 405 4192 testis
416 4132 589 4206 generaliter
600 4143 776 4208 interrogata
792 4143 953 4209 respondet,
967 4145 1041 4208 quod
1051 4146 1094 4198 est
1102 4146 1222 4198 oriunda
1233 4158 1268 4199 ex

253 4277 277 4327 V
1162 4264 1178 4315 4
