3224 5400
493 526 496 531 '
590 519 696 576 ANNO
710 520 778 575 ¹1525
1269 518 1302 574 61

74 681 161 750 verit,
173 685 217 755 uti
235 683 318 755 dlclt3
335 685 467 756 quodque
482 687 644 757 propterea,
656 688 698 756 utj
716 689 872 755 subiunxit,
884 701 936 756 pro
949 687 1028 742 nulla
1038 702 1071 742 re
1087 678 1175 743 vellet
1190 673 1300 756 persis·

74 771 138 824 tere
158 772 191 823 in
211 771 374 837 hujusmodi
391 775 485 826 verbis
504 774 598 827 medio
618 787 670 825 suo
692 772 853 837 juramento
870 773 1000 838 prestito,
1018 785 1187 838 permanens
1202 766 1299 824 umen

74 855 105 906 et
115 855 276 920 persistens
287 857 316 907 in
328 857 442 909 residuo
455 871 505 908 sue
518 858 713 924 depositionis,
726 857 860 909 hesterna
872 856 918 908 die
929 856 1013 917 lacte,
1027 868 1060 906 ac
1071 855 1178 906 addens
1195 855 1298 908 ceteris

73 937 172 989 verbis
188 951 242 1003 per
261 952 324 991 earn
342 940 372 992 in
390 941 466 992 dicta
485 941 661 1005 depositione
681 942 716 993 ad
738 955 776 992 xx
793 941 925 1004 quartum
946 937 1096 989 articulum
1113 935 1251 1002 depositis
1269 939 1299 989 et

73 1021 222 1084 expressis
241 1020 294 1073 hec
314 1021 357 1074 vel
371 1021 476 1074 similia
493 1023 579 1075 verba
592 1038 598 1072 :
623 1022 727 1075 Wisten
745 1023 789 1074 die
800 1036 879 1074 orme
890 1019 990 1084 liedcn,
1003 1027 1057 1072 wat
1067 1017 1141 1072 recht
1153 1017 1202 1071 dot
1214 1035 1250 1087 ay
1261 1025 1299 1071 toi

73 1117 164 1154 oum
173 1101 282 1168 geoden
299 1101 411 1163 hebben,
431 1121 477 1173 toy
493 1120 525 1157 en
546 1103 652 1158 smtdcn
664 1103 709 1156 dle
728 1119 783 1157 oon
803 1118 884 1156 onser
901 1101 988 1154 deren
1007 1108 1072 1168 nyct
1083 1109 1149 1171 quyt
1164 1100 1300 1176 socrdem·

73 1197 130 1249 que
144 1185 234 1238 rerba
245 1185 349 1252 populo
362 1187 437 1238 dicta
447 1188 564 1240 luerunt
575 1201 626 1252 per
637 1201 718 1240 reum
735 1187 886 1252 prelatum,
905 1185 945 1250 utj
965 1181 1042 1246 dicit,
1059 1185 1090 1235 in
1107 1185 1228 1248 quodam
1245 1196 1296 1235 suo

72 1261 209 1320 sermone
222 1269 339 1319 dimidio
357 1283 430 1320 anno
449 1269 493 1321 vel
510 1284 544 1321 eo
560 1271 637 1321 eirca
653 1269 749 1333 elapso
762 1281 814 1334 per
830 1282 911 1321 reum
928 1269 1013 1327 iacto,
1031 1280 1144 1317 causam
1162 1266 1298 1318 scientiae

72 1349 211 1407 reddens,
224 1351 290 1414 quia
301 1351 464 1416 hujusmodi
483 1354 571 1404 verba
586 1366 639 1418 per
654 1353 746 1438 'nisum
763 1364 844 1402 reum
862 1349 973 1416 prolata
990 1349 1066 1400 dicta
1082 1349 1162 1400 testis
1180 1349 1297 1408 audivit,

72 1432 114 1497 ntj
133 1433 224 1484 etiam
242 1433 320 1485 dicit

104 1593 219 1646 Deinde
236 1597 395 1661 comparuit
417 1596 512 1656 Soeta,
535 1596 636 1650 relicta
658 1597 800 1660 quondam
821 1595 968 1662 Wilhelmy'
999 1597 1107 1663 Begge.
1135 1593 1218 1662 petljt
1245 1606 1297 1649 sue

72 1676 247 1742 depositioni
266 1691 318 1742 pro
339 1680 542 1732 exoneratione
566 1680 739 1731 conscientie
758 1694 809 1731 sue
827 1680 902 1744 addi,
923 1679 1046 1743 qualiter
1065 1680 1128 1744 ipsa
1146 1678 1295 1741 audiverit,

72 1759 150 1823 quod
168 1773 236 1811 reus
248 1761 320 1811 dixit
336 1761 366 1812 ln
384 1763 505 1825 quodam
523 1776 574 1813 suo
592 1775 723 1814 sermone
743 1761 796 1814 hec
816 1762 918 1814 verba:
939 1762 1003 1813 lien
1019 1776 1053 1814 en
1069 1760 1154 1812 conde
1169 1757 1295 1829 hepligen

72 1856 156 1895 ses-en
168 1842 210 1909 ott
219 1840 376 1895 aetbidden
386 1843 426 1910 oti
442 1842 545 1912 cybaea
561 1842 629 1897 init
644 1844 746 1897 bema
763 1842 820 1897 don
838 1857 903 1898 coer
914 1841 1033 1911 tbeylicb
1049 1848 1226 1897 accamoni:
1239 1840 1298 1911 θὴρ

72 1923 129 1977 ruit
140 1923 250 1978 aliems
262 1922 326 1978 (lod
333 1924 500 1979 mbidden.

105 2088 206 2141 Tenon
216 2102 284 2142 vero
295 2089 444 2142 relationis
456 2089 604 2156 Wilhelmj
619 2091 653 2143 do
665 2090 828 2150 Caverhon
843 2092 943 2157 notarii
957 2093 986 2144 et
997 2090 1189 2155 commissarii,
1202 2087 1295 2154 quoad

73 2184 196 2223 examen
218 2173 296 2223 certe
314 2173 395 2224 testis
416 2173 476 2225 vice
496 2174 525 2225 et
543 2187 578 2226 ex
593 2176 791 2227 commissione
810 2189 882 2227 nova
899 2176 1058 2227 examinate
1075 2187 1185 2224 necnon
1202 2171 1296 2236 quoad

72 2254 235 2319 peticiones
246 2253 367 2306 aliarum
387 2254 506 2307 duarum
529 2257 643 2307 testium
664 2271 760 2308 coram
781 2272 814 2310 eo
835 2258 875 2322 utj
898 2259 1009 2308 notario
1020 2257 1119 2315 iactas,
1133 2256 1202 2306 actis
1212 2255 1296 2325 hujus

73 2350 159 2387 cause
172 2336 310 2388 inseritur
332 2338 430 2388 nostro
452 2352 486 2390 ex
500 2340 641 2397 mandato,
662 2340 754 2391 eidem
769 2340 804 2390 ad
826 2340 993 2391 instanciam
1016 2339 1144 2404 magistri
1157 2336 1297 2388 iohannis

73 2418 219 2483 Macquet,
232 2421 403 2485 promotoris
421 2434 470 2472 seu
493 2423 687 2485 procuratoris
708 2422 779 2482 fisci,
793 2436 883 2485 eoque
906 2422 1020 2473 nomine
1043 2420 1154 2487 agentis
1172 2420 1201 2470 in
1214 2418 1298 2483 opido

74 2501 257 2562 lovaniensi,
267 2501 433 2554 Leodiensis
446 2503 586 2568 dyocesis,
597 2506 671 2554 iacto
689 2518 762 2555 anno
772 2506 910 2569 protecto,
925 2504 971 2555 die
983 2506 1077 2554 tamen
1090 2502 1199 2554 decima
1211 2501 1299 2552 tercia

72 2585 183 2636 mensis
195 2583 222 2635 N
224 2585 375 2644 osembris,
388 2599 421 2636 ac
433 2586 561 2650 sequitur
570 2588 599 2637 et
616 2589 660 2638 est
672 2585 736 2637 talis
750 2601 757 2637 :

105 2664 270 2730 Venerabili
282 2668 311 2718 et
322 2667 441 2733 egregio
453 2668 514 2718 viro
527 2667 640 2719 domino
651 2670 679 2720 et
690 2669 827 2734 magistro
837 2667 955 2719 Nicolao
966 2668 1081 2733 Coppyn
1095 2668 1129 2719 de
1142 2665 1296 2726 Montibus,

73 2762 155 2800 sacre
174 2747 320 2814 theologie
331 2750 498 2814 professori,
517 2748 623 2801 decano
641 2750 761 2802 ecclesie
772 2749 923 2816 collegiata
936 2750 991 2815 divj
1005 2750 1084 2814 Petrj
1102 2748 1296 2805 Lovaniensis.

74 2831 245 2883 leodiensis
262 2831 401 2896 dyocesis,
425 2831 587 2896 inquisitori
602 2832 728 2884 heretice
745 2834 892 2898 pravitatis
912 2834 942 2885 in
963 2832 1094 2896 dominljs
1111 2831 1295 2883 interioribus

73 2912 223 2965 Catholice
242 2912 385 2978 Maiestatj
399 2914 529 2971 subditis,
539 2928 662 2979 unacum
683 2914 826 2966 nonnullis
849 2916 951 2967 vestris
970 2915 1000 2966 in
1021 2928 1055 2966 ea
1071 2916 1152 2978 parte
1164 2912 1294 2979 collegis,

74 2998 211 3048 ssancta
232 2996 300 3048 sede
322 2995 478 3060 apostolica
497 3010 561 3047 cum
582 2996 709 3049 clausula
732 3012 738 3047 :
760 2997 797 3050 Et
818 2998 944 3049 vestrum
966 2996 1121 3061 quemlibet
1143 2995 1296 3047 insolidum

74 3080 129 3130 etc.
143 3078 291 3143 deputato,
301 3078 472 3130 Wilhelmus
483 3079 518 3130 de
531 3079 693 3137 cavertson,
706 3080 834 3144 publicus
846 3081 932 3131 sacris
950 3078 1105 3145 apostolica
1116 3079 1145 3130 et
1156 3077 1296 3144 imperiali

73 3161 296 3213 auctoritatibus
313 3163 451 3221 notarius,
471 3175 606 3213 reverens
624 3165 652 3214 et
669 3163 803 3215 obediens
823 3164 852 3214 in
873 3163 1022 3215 mandatis.

106 3242 266 3303 Noveritls‚
285 3244 368 3306 quod,
382 3256 456 3294 anno
469 3256 486 3293 a
497 3244 651 3294 Nativitatc
665 3244 776 3309 Domini
789 3253 837 3295 xve
848 3259 886 3296 xx
899 3246 1006 3308 quinto,
1020 3243 1066 3295 die
1078 3244 1177 3294 octava
1191 3242 1297 3293 mensis

74 3324 153 3391 May,
177 3323 214 3376 ad
236 3325 404 3376 instanciam
432 3326 541 3390 providj
566 3326 618 3390 virj
643 3327 770 3391 magistr]
800 3325 939 3377 iohannis
962 3326 1101 3389 Macquet,
1126 3325 1298 3389 promotoris

74 3422 125 3459 seu
143 3407 339 3473 procuratoris
357 3407 417 3471 fisci
431 3408 599 3472 sanctissimi
614 3408 719 3472 domin]
734 3409 822 3472 nostri
834 3422 916 3473 pape,
935 3421 1025 3472 eoque
1043 3408 1156 3458 nomine
1175 3407 1295 3472 agentis,

73 3492 193 3542 citatam
213 3491 382 3541 auctoritate
402 3492 496 3541 vestra
515 3503 608 3554 ymmo
626 3491 722 3541 verius
739 3490 894 3554 apostolica
911 3489 1088 3544 domicellam
1105 3488 1297 3554 Margaretam

73 3587 127 3624 van
145 3572 247 3638 Dyest,
265 3570 394 3623 relictam
412 3572 552 3635 quondam
571 3572 702 3636 Symonis
719 3572 858 3637 Everdey,
872 3575 1014 3636 tamquam
1032 3573 1134 3623 testem
1149 3571 1185 3623 ad
1201 3571 1298 3635 juran-

74 3655 142 3707 dum
166 3655 203 3706 de
227 3654 402 3720 perhibendo
425 3655 618 3706 testimonium
646 3654 775 3706 veritatis
803 3668 889 3719 super
916 3654 1127 3720 interrogandis
1155 3654 1185 3704 in
1212 3665 1298 3704 causa

74 3738 270 3802 inquisitionis
282 3737 410 3802 ejusdem
421 3737 592 3801 promotoris
609 3751 660 3789 seu
676 3737 870 3802 procuratoris
882 3737 942 3801 ilscy'
956 3750 1051 3787 coram
1061 3737 1141 3787 vobis
1153 3735 1295 3801 pendente

73 3824 176 3873 contra
187 3819 332 3871 dominum
344 3818 493 3871 Nicolaum
509 3819 623 3879 Christi,
637 3833 730 3884 quam,
743 3820 784 3885 utj
802 3821 956 3884 protertur,
975 3820 1099 3876 citatam,
1118 3820 1210 3870 dictus
1227 3831 1293 3884 pro-

74 3905 171 3955 motor
189 3901 268 3954 illico
285 3915 380 3954 coram
401 3915 446 3954 me
465 3903 608 3966 tamquam
624 3904 720 3954 vestro
738 3903 767 3953 in
785 3915 820 3953 ea
839 3903 919 3967 parte
939 3901 1132 3952 commissario
1150 3900 1294 3966 produxit,

74 4000 129 4051 que
151 3988 278 4051 recepta,
302 3985 384 4037 tactis
406 3997 460 4049 per
481 3997 516 4036 ea
537 3986 724 4037 sacrosanctis
747 3984 799 4048 Dei
821 3984 850 4034 in
874 3984 1007 4050 ymagine
1029 3983 1167 4047 crucidxj,
1190 3983 1301 4048 iuravit

73 4069 263 4134 solempniter
293 4082 323 4119 se
355 4069 493 4118 dicturam
524 4069 674 4119 veritatem
705 4081 791 4132 super
824 4066 1046 4132 interrogandis.
1083 4066 1298 4128 consequenter

73 4150 305 4203 commissionem
327 4151 450 4202 vestram
474 4149 560 4200 michi
583 4149 668 4201 hodie
690 4151 794 4200 iactam
817 4149 933 4199 reducto
954 4149 1007 4211 slbj
1030 4147 1094 4210 testj
1119 4160 1171 4212 per
1193 4161 1239 4200 me
1262 4147 1298 4198 ad

71 4233 245 4286 memoriam
266 4230 427 4297 hujusmodl
453 4233 614 4296 juramento
637 4245 727 4296 eaque
753 4232 787 4283 de
813 4231 894 4296 penis
920 4230 1037 4295 periurij
1068 4229 1162 4281 debite
1191 4230 1298 4280 avisata

70 4319 138 4376 init,
161 4317 249 4367 etiam
269 4328 321 4380 per
340 4329 385 4366 me
405 4315 548 4365 notarium
568 4315 597 4366 et
616 4314 839 4365 commissarium
859 4316 984 4365 vestrum
1000 4312 1186 4377 interrogata,
1205 4313 1297 4376 primo

68 4412 163 4465 super
175 4397 283 4448 noticia
294 4397 417 4462 partium
428 4398 458 4448 iu
470 4398 695 4461 pretactacausa
704 4397 887 4463 litigantium,
901 4395 1034 4460 quamdiu
1047 4408 1095 4446 eas
1108 4394 1219 4445 noverit
1231 4395 1296 4453 etc..

69 4495 188 4535 necnon
200 4493 288 4545 snper
298 4479 528 4546 interrogatorb's
537 4493 589 4546 per
599 4480 741 4545 prelatum
756 4493 838 4532 reum
849 4492 945 4531 coram
965 4477 1043 4528 vobis
1055 4476 1190 4528 hesterna
1204 4475 1250 4527 die
1267 4476 1297 4526 in

63 4563 225 4635 presentia
235 4563 301 4630 mei,
311 4563 413 4628 notarlj
425 4563 453 4618 et
464 4563 659 4629 commissarij,
674 4564 746 4616 datis
758 4565 787 4617 et
798 4561 941 4626 exhibitis,
952 4563 982 4615 et
993 4561 1112 4614 testibus
1124 4560 1296 4613 contraeum
