3188 5394
541 487 645 541 ANNO
664 487 727 540 1525
1209 489 1244 542 83

50 651 108 704 Hic
119 666 181 704 mos
192 653 278 718 atque
288 651 359 704 haec
370 652 444 703 ratio
456 665 565 712 eorum,
578 651 753 716 scripturam
770 665 833 703 cum
849 650 1006 716 Scriptura,
1018 651 1072 702 hoo
1083 651 1128 704 est
1137 650 1242 718 legem,

12 747 82 786 cum
92 735 243 799 promissis
260 735 433 786 remittendi.
446 735 519 786 Nam
531 733 707 799 simplicibus
719 735 749 787 et
759 734 901 799 imperitis
919 734 990 785 haec
1007 734 1126 786 adversa
1142 735 1197 786 sibi
1214 737 1244 786 et

12 819 177 882 pugnantia
186 817 328 879 videntur,
341 819 425 880 atque
437 818 466 868 in
478 816 508 867 id
527 818 703 882 potissimum
720 817 898 879 incumbunt,
918 830 982 869 cum
999 817 1028 867 in
1042 815 1166 880 aliquem
1177 817 1243 869 inci·

14 889 98 960 dunt,
112 901 144 951 ut
154 900 280 951 incertos
291 902 321 950 et
331 899 432 951 dubios
445 900 574 951 homines
586 899 717 958 reddant,
730 901 913 963 credantque.
927 901 967 951 ita
979 912 1107 966 pugnare
1120 897 1244 965 Scriptu-

13 994 79 1033 ram
91 995 199 1044 secum,
211 995 276 1032 cum
288 994 351 1033 eam
362 981 516 1033 conciliare
529 984 680 1045 nequeant.

49 1062 125 1114 'lum
136 1064 236 1127 siquis
247 1076 297 1114 eos
308 1065 409 1129 roget:
420 1061 566 1123 Quomodo
578 1062 767 1129 intelligenda
781 1066 810 1116 et
820 1064 998 1116 concilianda
1011 1065 1068 1116 erit
1079 1063 1245 1129 Scripturat

13 1146 212 1211 respondent:
227 1147 285 1198 Nos
298 1159 389 1209 neque
401 1146 507 1197 eruditi
520 1157 611 1209 neque
624 1146 755 1197 doctores
767 1161 873 1198 sumus.
888 1146 961 1205 Quid
979 1148 1014 1199 de
1027 1147 1104 1199 hisce
1117 1146 1242 1213 Scriptu-

13 1240 67 1280 rae
79 1226 153 1279 locis
164 1227 244 1279 vobis
257 1228 383 1279 videturi
396 1229 468 1279 Nam
481 1229 511 1279 et
522 1241 575 1278 nos
587 1241 652 1279 eum
664 1229 810 1281 doctorem
819 1230 994 1295 quaerimus,
1007 1230 1056 1293 qui
1067 1228 1120 1280 hos
1128 1243 1244 1295 scrupu-

15 1307 62 1361 los
73 1309 157 1361 nobis
168 1311 285 1362 eximat.
297 1310 390 1373 Atque
403 1311 432 1361 in
450 1310 504 1360 hoc
521 1310 700 1374 potissimum
717 1324 817 1363 eorum
835 1313 988 1364 artificium
1007 1315 1161 1377 spectatur,
1179 1326 1245 1363 cum

15 1390 157 1443 obscuros
175 1392 205 1443 et
220 1392 251 1442 in
271 1392 394 1455 speciem
413 1398 573 1456 pugnantes
594 1390 757 1456 scripturae
774 1390 852 1443 locos
869 1396 1029 1459 congerunt
1040 1395 1070 1445 et
1081 1392 1243 1445 hominibus

15 1473 178 1531 offundunt.
201 1473 360 1539 cujusmodi
378 1478 464 1527 sunt:
490 1493 502 1515 ιι
515 1472 568 1531 Qui
588 1474 721 1538 spiritum
743 1473 848 1525 Christi
872 1475 1040 1536 nonhabet,
1059 1475 1106 1527 hic
1126 1477 1244 1529 nonest

15 1555 81 1620 eiua
94 1580 108 1602 ι
121 1557 168 1622 (i).
181 1555 271 1609 Item:
286 1575 299 1597 ι
312 1556 376 1606 Non
387 1555 565 1621 permanebit
578 1554 701 1620 Spiritus
712 1569 792 1609 meus
804 1557 834 1608 in
845 1557 960 1610 homine
969 1558 999 1609 in
1009 1560 1167 1618 aeternum.
1177 1558 1245 1624 quia

15 1650 86 1689 caro
99 1640 144 1690 est
156 1662 169 1684 ιι
178 1637 226 1703 (2),
244 1642 274 1690 et
286 1658 299 1679 ιι
312 1635 366 1697 Qui
378 1636 407 1688 in
420 1651 505 1689 carue
518 1639 593 1699 sunt,
607 1638 667 1690 Deo
677 1638 790 1703 placere
803 1653 859 1690 uon
869 1643 1010 1705 possunt·
1020 1639 1067 1705 (3).
1080 1638 1150 1700 Quis
1157 1641 1245 1708 igitur

17 1723 139 1780 userat,
152 1733 183 1772 se
195 1719 301 1772 habere
312 1719 444 1783 spiritum
458 1720 563 1772 christi
575 1722 606 1772 et
618 1721 681 1784 quis
690 1736 748 1772 non
757 1723 882 1774 latentur
890 1736 920 1774 se
933 1722 1025 1774 adhuc
1033 1724 1064 1774 iu
1072 1736 1158 1775 carne
1166 1709 1247 1775 eane¹

16 1801 93 1854 item
104 1803 317 1868 scriptumest:
332 1822 345 1844 ι
358 1802 422 1862 Qui,
436 1805 518 1853 natus
530 1805 621 1855 estex
634 1803 704 1863 Deo,
719 1818 775 1855 non
785 1808 885 1869 peccat
895 1828 908 1849 ιι
918 1804 965 1870 (4),
978 1807 1008 1858 et
1021 1807 1122 1857 contra
1135 1819 1141 1856 :
1162 1825 1174 1847 ιι
1190 1804 1244 1863 Qui

17 1882 99 1944 dicit,
111 1897 144 1936 se
155 1887 302 1949 peccatum
313 1898 370 1935 non
382 1885 498 1945 babere,
512 1886 634 1937 mendax
645 1888 690 1937 est
699 1909 712 1931 ι
723 1885 769 1952 (5).
783 1887 855 1938 item
871 1886 1001 1940 Christus
1019 1887 1091 1939 dixit
1106 1887 1243 1941 iudaeis:

19 1985 32 2007 ·
44 1965 154 2019 Solvite
166 1966 303 2031 templum
315 1967 369 2018 hoo
381 1971 435 2020 etc.
447 1990 460 2011 ιι
474 1966 520 2032 (6).
539 1967 631 2020 iussit
643 1969 734 2035 igitur
746 1983 777 2020 se
791 1968 923 2027 interfici,
943 1984 1028 2034 quum
1042 1984 1116 2022 nunc
1126 1969 1246 2022 iudaeis

16 2061 96 2100 mors
107 2048 214 2101 christi
226 2050 396 2114 imputeturi
407 2049 553 2101 Induravit
565 2050 641 2102 Deus
652 2064 703 2102 cor
713 2050 880 2114 Pharaonis,
892 2065 963 2115 quae
976 2053 1066 2118 igitur
1075 2053 1138 2117 ejus
1147 2051 1245 2118 culpat

48 2129 224 2195 Huiusmodi
234 2129 312 2182 locos
325 2131 444 2184 subinde
457 2133 596 2196 imperitis
608 2137 693 2196 atque
706 2134 792 2184 etiam
802 2134 903 2197 peritis
913 2147 1009 2186 secum
1022 2133 1245 2199 disceptantibus

17 2211 169 2277 obiiciunt,
190 2213 276 2276 idque
293 2214 380 2265 variis
392 2214 492 2271 modis.
506 2228 577 2278 quos
588 2213 706 2281 longum
723 2217 799 2266 esset
816 2229 1047 2267 commemorare.
1067 2215 1136 2267 Cum
1156 2217 1245 2283 igitur

16 2294 76 2360 iam
87 2293 236 2359 perculsos
248 2298 278 2347 et
289 2296 374 2347 dubio
387 2296 516 2348 homines
529 2297 644 2348 atiectos
657 2298 761 2357 vident,
773 2299 888 2349 tandem
899 2297 996 2349 multis
1006 2298 1136 2362 precibus
1147 2296 1246 2362 impel-

16 2374 128 2436 luntur.
139 2380 171 2428 ut
178 2377 323 2442 explicent
334 2379 386 2430 hos
398 2377 561 2443 scripturae
572 2379 661 2430 nodos
671 2381 701 2431 et
709 2393 834 2446 pugnam
843 2380 955 2439 tollant.
965 2381 1051 2445 idque
1061 2395 1117 2432 non
1125 2381 1245 2439 iaciunt.

18 2459 76 2510 nisi
92 2459 150 2511 sibi
162 2460 247 2512 tidem
265 2459 394 2512 adhiberi
405 2462 516 2525 putent.

49 2540 96 2592 Ad
115 2539 191 2593 hanc
209 2542 299 2609 igitur
318 2541 555 2602 conciliationem,
575 2556 658 2607 quam
670 2545 780 2608 putant,
801 2544 937 2596 adhibent
948 2547 1099 2611 septimum
1110 2543 1246 2611 caputet!

16 2621 113 2685 itm,
131 2623 207 2688 quod
224 2625 297 2676 mire
317 2639 413 2676 secum
433 2626 528 2677 iacere
540 2626 713 2686 existimant,
726 2627 786 2677 *ubi
808 2625 915 2678 Paulus
936 2627 1078 2693 duplicem
1099 2628 1245 2681 homiuem

15 2706 188 2758 constituito
210 2705 333 2759 alterum
349 2706 509 2762 animalem.
528 2708 710 2768 exteriorem,
728 2708 882 2770 carnalem,
899 2710 947 2773 qui
968 2723 1003 2761 ex
1023 2722 1108 2761 carne
1128 2711 1158 2762 et
1177 2722 1243 2761 san·

16 2787 108 2854 guina
129 2790 276 2847 natusest,
296 2790 413 2853 quinon
434 2790 557 2854 percipit
573 2803 616 2848 ea.
635 2804 706 2853 quae
719 2790 772 2842 Dei
790 2793 869 2855 sunt;
891 2790 1012 2842 alterum
1032 2791 1199 2843 interiorem
1216 2793 1246 2844 et

15 2869 209 2935 spiritualem,
219 2871 315 2936 quiex
325 2870 384 2924 Deo
396 2874 540 2924 natusest.
553 2871 633 2924 Inter
641 2871 694 2923 hos
706 2873 776 2924 duos
788 2872 917 2925 homines
929 2874 1067 2938 perpetua
1078 2876 1122 2926 est
1133 2887 1244 2940 pugna3

16 2950 165 3017 siquidem
175 2966 242 3005 caro
253 2954 428 3019 concupiscit
438 2956 493 3005 etc.
507 2956 537 3006 et
548 2955 665 3019 spiritus
677 2957 731 3007 eto.

48 3034 192 3088 Animalia
202 3034 253 3088 iile
264 3035 349 3088 homo
360 3035 486 3088 infidelis
498 3038 542 3088 est
558 3035 617 3103 legi
629 3035 679 3088 Dei
697 3038 863 3090 inobediens
875 3040 905 3089 et
921 3037 1097 3102 voluptatum
1108 3040 1242 3091 sectator.

17 3115 149 3169 Interior
166 3132 242 3179 vero,
255 3121 304 3183 qui
322 3121 357 3171 ad
376 3119 531 3186 imaginem
551 3120 604 3171 Dei
622 3120 751 3171 conditus
771 3123 816 3173 est
835 3123 910 3173 etex
928 3121 987 3172 Deo
1006 3123 1098 3186 natus,
1111 3121 1158 3174 hic
1175 3136 1244 3174 nun·

18 3213 107 3264 quam
119 3200 253 3265 operibus
267 3203 361 3253 carnis
385 3203 549 3261 assentitur,
566 3200 616 3252 sed
628 3205 774 3267 oppugnat
795 3206 943 3268 perpetuo.
963 3202 1096 3268 doletque
1118 3203 1154 3255 ob
1172 3203 1246 3256 hanc

17 3280 210 3335 rebellionem
229 3284 324 3335 carnis
344 3286 374 3336 et
390 3285 522 3336 miseram
535 3298 614 3335 suam
627 3285 818 3348 captivitatem
831 3285 970 3349 deplorat,
991 3299 1041 3350 per
1054 3300 1138 3350 quam
1157 3287 1245 3352 impe·

18 3361 127 3429 dictur,
138 3376 190 3415 cur
200 3365 293 3416 minus
305 3364 335 3416 id
343 3365 418 3429 quod
427 3364 505 3423 velit,
518 3366 613 3416 iaciat.
629 3363 722 3422 Quare
735 3379 877 3430 nunquam
886 3369 984 3431 peccat
994 3369 1121 3432 spiritus,
1131 3369 1245 3422 tametsi

16 3459 90 3497 caro
101 3451 209 3513 peccet.
227 3435 259 3501 et
269 3450 503 3512 quemadmodum
521 3462 587 3500 caro
608 3463 664 3499 non
688 3450 782 3513 potest
805 3463 860 3500 non
875 3463 1002 3514 peccare,
1016 3451 1058 3502 sic
1077 3465 1133 3502 non
1150 3453 1246 3516 potest

15 3541 142 3594 peccare
153 3530 279 3596 spiritus,
292 3545 355 3582 cum
367 3544 402 3583 ex
413 3532 472 3583 Deo
485 3534 565 3582 natus
583 3532 630 3581 sit.
644 3530 737 3589 Quare
750 3530 908 3582 exclamare
918 3532 1048 3598 cogitur:
1064 3555 1076 3575 ·
1090 3533 1178 3586 Miser
1190 3547 1244 3601 ego

16 3609 119 3671 bomo,
137 3613 200 3676 quis
217 3625 263 3665 me
274 3611 407 3665 liberabit
419 3615 473 3664 etc.
490 3613 558 3676 »(i).

52 3694 100 3746 Ad
108 3694 238 3747 hosduos
247 3694 377 3748 homines
385 3709 483 3747 omnes
492 3694 656 3760 scripturae
665 3697 827 3761 superiores
835 3696 914 3748 locos
923 3698 952 3748 et
960 3696 1067 3749 similes
1076 3699 1208 3750 reterunt
1216 3701 1246 3752 et

53 4030 95 4095 (l)
108 4029 186 4084 Rona
199 4028 225 4090 8,
238 4029 265 4081 9.

53 4111 95 4177 (2)
108 4111 234 4171 Genesis,
246 4111 272 4173 6,
285 4112 310 4163 9.

53 4194 95 4258 (3)
107 4194 188 4248 Rom.
201 4193 227 4255 8,
240 4194 265 4246 8.

52 4276 94 4342 (4)
107 4274 254 4330 Uolsonis.
268 4276 294 4340 3,
306 4277 332 4328 9.

54 4359 94 4424 (5)
116 4357 267 4412 tietann.
287 4360 310 4418 l,
328 4361 353 4412 8.

54 4440 94 4505 (6)
110 4438 233 4494 Joiann.
249 4444 275 4501 2.
296 4443 334 4494 19.

54 4523 93 4587 (Ἰ)
111 4523 194 4577 nom.
210 4525 236 4593 7,
251 4524 294 4576 at.
