3224 5400
701 504 804 558 ANNO
824 504 888 555 1527
1357 505 1407 558 295

191 666 264 720 bunc
290 681 344 733 pro
374 667 514 730 Arrianis,
547 666 627 720 illum
659 669 758 721 contra
788 668 925 721 Arrianus
954 669 1113 723 haereticos
1145 670 1239 721 edicta
1269 669 1405 736 legesque

185 750 392 818 promulgasse.

219 833 375 898 Episcopos
395 848 507 898 quoque
527 849 584 886 non
605 836 653 886 uni
672 835 864 901 Augustorum
882 835 1016 887 molestos
1034 850 1191 902 gravesque
1208 836 1313 900 tuisse;
1332 836 1402 887 adeo

184 918 218 968 ut
234 917 322 969 etiam
338 930 390 981 per
406 919 503 983 regios
520 917 718 982 cubicularios,
737 919 785 981 qui
807 919 938 983 privatim
963 919 1036 983 apud
1057 920 1200 983 principes
1223 920 1280 970 tam
1301 932 1405 984 magna

182 997 360 1051 authoritate
380 1002 471 1060 erant,
495 1013 602 1065 perque
626 1000 706 1057 alios,
728 1014 798 1064 quos
818 1004 915 1066 gratos
935 1001 965 1051 in
989 1000 1054 1052 aula
1074 1003 1220 1063 noverant,
1242 1001 1405 1052 huiusmodi

179 1080 265 1148 leges
282 1095 334 1146 pro
355 1095 406 1133 sua
426 1083 529 1146 quique
552 1084 685 1145 factione,
706 1084 787 1133 bonis
815 1085 922 1134 trustra
945 1084 1195 1150 ingemiscentibus
1219 1083 1403 1134 obtinuerint.

178 1164 300 1215 Addunt
327 1164 413 1215 etiam
440 1165 632 1229 piissimorum
660 1166 944 1230 fidelissimorumque
974 1167 1168 1233 Augustorum
1191 1167 1268 1232 leges
1294 1167 1402 1228 extare,

179 1246 287 1310 quibus
304 1244 426 1297 liberum
446 1248 630 1311 permittitur,
652 1263 736 1312 quam
754 1250 816 1312 quis
834 1248 902 1300 velit
917 1249 1086 1315 religionem
1112 1249 1252 1314 amplecti,
1273 1262 1344 1312 quae
1367 1250 1403 1299 ad

176 1328 368 1380 christianam
389 1330 474 1381 iidem
496 1331 687 1395 pietatemque
707 1332 735 1381 vi
755 1332 897 1397 armisque
917 1332 1039 1396 aliquem
1060 1345 1172 1397 cogere,
1199 1344 1254 1381 non
1277 1344 1399 1397 evange-

176 1411 280 1477 licum,
309 1427 365 1465 non
387 1413 509 1478 regium,
533 1415 583 1465 scd
604 1412 688 1478 plane
716 1415 893 1479 tyrannicum
917 1428 979 1465 esse
998 1414 1171 1478 iudicabant.
1194 1414 1246 1464 His
1266 1415 1402 1466 accedere

177 1494 282 1546 dicunt
300 1515 306 1545 :
329 1494 515 1546 Verissimum
532 1496 796 1559 apertissimumque
814 1510 884 1560 esse,
902 1496 1092 1560 posteriorum
1111 1497 1305 1561 Augustorum
1322 1496 1402 1562 leges

175 1579 283 1629 contra
298 1578 468 1639 haereticos,
485 1576 671 1628 intollerabili
688 1577 811 1629 Romani
828 1579 980 1642 pontificis,
995 1577 1142 1629 meliorem
1160 1579 1272 1642 imperii
1290 1581 1401 1642 partem

176 1661 356 1725 occupantis,
378 1661 527 1725 tyrannide
547 1662 707 1724 conceptas,
726 1675 874 1725 expressas
893 1664 977 1724 atque
995 1661 1112 1711 aeditas.
1134 1660 1241 1720 Quibus
1259 1661 1283 1710 si
1301 1661 1399 1723 quovis

175 1741 267 1793 modo
287 1742 483 1806 imperatores,
506 1744 553 1805 qui
574 1745 689 1806 praeter
709 1743 913 1794 haereditarias
935 1744 1058 1793 ditiones
1078 1744 1124 1793 vix
1148 1741 1262 1793 titulum
1279 1742 1402 1793 Romani

175 1823 322 1890 gerebant
338 1825 461 1889 imperii,
479 1825 727 1886 contradixissent,
740 1826 796 1889 iam
813 1825 897 1877 Italia
914 1826 1144 1885 excludebantur,
1163 1839 1269 1876 corona
1280 1824 1401 1890 negaba·

175 1907 237 1967 tur,
262 1907 586 1971 excommunicabantur,
605 1908 732 1971 subjecta
749 1907 882 1958 nobilitas
901 1907 1037 1972 plebsque
1055 1922 1072 1958 a
1087 1908 1224 1972 praestito
1242 1908 1400 1958 iuramento

175 1987 320 2047 absoluta,
344 1990 373 2039 in
396 1989 551 2053 principem
576 2003 657 2040 suum
679 1991 884 2047 concitabatur,
913 1991 953 2040 ita
981 1993 1012 2041 ut
1035 1991 1121 2041 etiam
1144 1989 1218 2039 tilios
1241 1990 1270 2040 in
1294 1991 1400 2054 patres,

174 2073 278 2138 patres
290 2072 412 2122 vicissim
426 2073 456 2122 in
468 2071 552 2129 illios,
566 2073 666 2123 contra
678 2075 795 2124 naturae
807 2074 879 2133 iura,
892 2073 980 2137 impia
988 2072 1064 2125 bella
1072 2086 1174 2138 gerere
1186 2073 1399 2124 commoverint.

175 2154 261 2207 Haeo
288 2167 351 2205 cum
379 2155 420 2205 ita
448 2155 514 2219 sint,
544 2155 671 2218 iniquum
700 2157 809 2219 putant,
839 2155 1001 2206 huiusmodi
1029 2155 1109 2221 leges
1140 2155 1217 2206 inter
1247 2154 1399 2206 Caesareas

176 2248 343 2298 numerare,
357 2250 392 2287 ne
405 2237 508 2294 dicant,
522 2237 684 2287 executioni
696 2239 841 2289 mandare.

212 2319 363 2370 Postremo
375 2317 547 2369 concludunt
560 2333 566 2369 :
581 2317 713 2370 Omnium
730 2319 826 2385 legum
844 2320 978 2370 amussim
991 2321 1019 2371 et
1037 2319 1244 2371 adamantinam
1257 2319 1398 2382 quandam

175 2399 311 2467 regulam
333 2413 405 2464 esse,
431 2413 550 2464 aequum
577 2404 606 2452 et
628 2402 742 2459 bonum,
769 2403 804 2452 ad
828 2416 911 2465 quem
940 2403 988 2452 ubi
1014 2403 1190 2453 examinatae
1216 2401 1397 2465 directaeque

174 2483 297 2542 tuerint,
316 2496 399 2546 quam
417 2483 508 2534 malac
526 2486 555 2534 et
572 2484 685 2546 iniquae
703 2485 769 2542 sint,
787 2485 871 2535 lacilc
890 2484 1064 2548 deprehendi
1081 2499 1173 2549 posse,
1193 2484 1315 2535 maxime
1331 2497 1398 2535 vero

176 2565 256 2630 apud
273 2564 459 2617 christianum
475 2567 686 2629 imperatorem,
705 2563 754 2628 qui
771 2567 862 2632 magis
880 2566 964 2629 volet,
984 2581 1081 2619 omnes
1100 2567 1224 2617 omnium
1247 2567 1398 2618 Caesarum

174 2646 260 2713 leges
281 2647 400 2709 aboleri,
424 2661 508 2710 quam
531 2648 637 2699 Christi
660 2649 713 2699 Dei
736 2649 779 2700 sui
803 2649 968 2709 doctrinam,
999 2649 1043 2701 vel
1072 2651 1101 2700 in
1130 2650 1246 2699 minimo
1274 2649 1399 2713 prudens

175 2731 351 2796 transgredi.
372 2731 415 2781 Ad
432 2730 535 2781 Christi
553 2731 629 2781 enim
647 2731 813 2792 doctrinam,
833 2733 958 2783 omnium
976 2732 1196 2783 christianorum
1213 2733 1280 2790 vita,
1294 2745 1398 2788 mores,

173 2813 258 2879 leges
270 2811 369 2879 (ipsius
381 2814 485 2878 gratia)
499 2813 647 2878 dirigenda
664 2816 739 2874 sunt,
759 2818 787 2866 et
804 2829 857 2879 per
875 2815 946 2866 hanc
965 2815 1064 2873 solam,
1083 2830 1138 2866 non
1151 2814 1242 2865 solum
1261 2827 1397 2864 vanorum

174 2895 325 2946 hominum
344 2897 450 2946 statuta
472 2898 501 2946 et
523 2898 691 2955 commenta,
716 2898 766 2947 sed
788 2900 817 2949 et
839 2898 911 2949 Mosi
935 2900 964 2949 et
987 2899 1111 2949 omnium
1134 2897 1338 2961 prophetarum
1366 2896 1396 2945 et

175 2976 372 3042 apostolorum
385 2977 468 3036 dicta,
481 2980 556 3029 lacta
568 2978 729 3043 scriptaque
743 2980 923 3043 dijudicanda
934 2983 1007 3031 sunt.

209 3059 313 3121 Habes,
324 3059 543 3112 clementissime
554 3060 665 3120 Caesar,
677 3062 751 3124 quod
764 3076 815 3125 pro
828 3062 979 3114 haereticis
992 3062 1077 3113 etiam
1089 3061 1224 3111 convictis
1234 3061 1277 3124 (ut
1288 3060 1396 3124 dicunt)

175 3143 207 3196 et
222 3143 425 3208 pertinacibus,
444 3157 461 3194 a
477 3144 559 3194 bonis
576 3143 645 3193 viris
663 3144 782 3194 dicatur.
796 3144 838 3194 Ex
857 3145 957 3206 quibus
975 3141 1076 3209 s[acra]
1089 3142 1249 3207 Imperialia
1262 3141 1396 3205 MaJ'estas

173 3228 228 3279 tua
246 3226 387 3290 conijeere
408 3226 523 3290 poterit,
545 3228 680 3288 quantum
700 3225 815 3277 doleant
837 3229 867 3276 et
889 3226 1084 3289 ingemiscant,
1104 3225 1152 3287 qui
1170 3224 1312 3288 majestati
1330 3227 1394 3277 tuae

173 3310 251 3362 bene
279 3308 386 3370 volunt,
417 3310 500 3371 atquc
528 3310 690 3371 precantur,
721 3321 806 3370 quum
836 3307 978 3371 improbos
1007 3307 1152 3368 quosdam,
1183 3307 1321 3358 Caesarea
1348 3308 1397 3357 tua

173 3390 330 3444 clementia
352 3392 410 3440 tam
432 3389 587 3440 crudeliter
613 3390 700 3447 abuti,
726 3391 847 3453 tuaeque
870 3388 1028 3451 Maiestatis
1054 3387 1174 3453 gloriam
1198 3388 1344 3451 (quantum
1366 3388 1396 3438 in

173 3473 248 3539 ipsis
265 3473 319 3535 est)
340 3470 456 3522 humani
473 3472 689 3535 innocentisque
710 3473 855 3539 sanguinis
873 3471 1024 3537 aspergine
1041 3471 1157 3522 foedare
1178 3470 1305 3521 audiunt.
1318 3468 1396 3529 Quae

173 3557 257 3609 tanto
277 3553 412 3605 libentius
433 3553 555 3617 simplici
574 3568 697 3618 veraque
717 3555 856 3606 relatione
880 3551 1001 3620 s[acrae]
1024 3553 1229 3618 Imperatoriae
1254 3551 1396 3615 Maiestati

173 3642 243 3690 tuae
255 3637 367 3700 scripsi,
381 3638 457 3700 quod
472 3651 528 3687 non
543 3638 677 3694 dubitem,
691 3639 758 3699 quin
771 3636 805 3699 ijs
818 3635 899 3688 lectis
911 3637 1119 3703 diligenterque
1137 3636 1263 3693 attentis,
1276 3634 1396 3686 laetiora

173 3733 228 3787 per
240 3720 391 3782 utramque
403 3719 581 3771 Germaniam
593 3732 673 3769 suam
685 3719 778 3770 edicta
791 3718 931 3785 divulgari
941 3721 1061 3784 jubebit.

205 3801 340 3854 Christus
362 3803 456 3862 lesus,
481 3816 532 3853 rex
552 3813 653 3866 regum
675 3804 704 3853 et
726 3802 863 3852 Dominus
885 3802 1098 3862 dominantium,
1120 3803 1148 3853 te
1165 3803 1253 3867 pium,
1271 3801 1394 3860 felicem,

173 3884 315 3950 subjectis
327 3887 488 3950 parcentem
502 3884 530 3934 et
540 3885 711 3948 perpetuum
725 3883 875 3936 rebellium
894 3898 927 3936 ac
944 3885 1132 3949 superborum
1148 3885 1284 3937 victorem
1296 3885 1394 3936 trium·

173 3967 385 4035 phatoremque
397 3966 554 4017 conservet.

204 4050 315 4104 Datum
326 4048 517 4112 antwerpiae,
531 4050 628 4099 octavo
646 4047 777 4100 calendas
788 4050 929 4111 ianuarii,
943 4064 1016 4101 anno
1031 4048 1102 4102 1527.

683 4160 970 4228 E[xcellentissimae]
989 4160 1111 4229 S[aerae]
1131 4162 1311 4226 M[ajestatis]
1331 4162 1395 4214 tuae

867 4243 1043 4307 humillimus
1061 4243 1199 4302 servulus,

812 4326 992 4379 Gauianus
1020 4327 1247 4379 Noviouieus.

437 4455 582 4508 Zeldzaam
604 4457 715 4522 drukje,
730 4458 833 4508 zonder
845 4457 935 4521 plaats
949 4459 978 4508 oi
991 4472 1073 4510 naam
1084 4472 1137 4509 van
1151 4457 1286 4514 drukker,
1299 4456 1394 4508 berns-

471 4539 605 4595 tendein
627 4541 661 4592 de
681 4538 869 4605 Koninklljke
889 4540 1070 4594 Bibliotheek
1090 4554 1143 4592 van
1164 4541 1225 4593 Den
1248 4539 1339 4608 Haag.
1359 4566 1393 4578 -
