3224 5400
752 746 845 814 664.

232 964 355 1037 4527,
382 953 572 1024 December
595 962 654 1035 25,
680 955 910 1038 Autwetpen.
938 955 1029 1042 Open
1052 953 1141 1022 brief
1160 974 1224 1021 van
1244 950 1374 1021 (larardu

193 1064 422 1133 Geldenhauer
437 1063 655 1148 Noviomagus
670 1083 731 1129 aen
746 1062 855 1127 keizer
877 1061 991 1142 Karel,
1009 1059 1083 1125 hem
1098 1057 1265 1145 vragende
1283 1054 1375 1123 aaa

193 1167 553 1256 geloolsservolgingen
569 1186 629 1232 een
645 1165 739 1232 einde
758 1171 791 1232 te
808 1164 937 1231 stellen.
956 1164 1063 1231 -Na
1087 1162 1151 1228 den
1167 1159 1312 1228 toestand
1322 1157 1378 1226 hort

194 1271 395 1339 beschreven
419 1277 452 1337 te
478 1268 618 1349 hebben,
646 1269 756 1336 trecht
783 1269 828 1356 hij
858 1272 892 1335 te
920 1265 1093 1355 bewijren,
1123 1265 1181 1334 dat
1208 1263 1248 1332 de
1273 1258 1380 1351 gelooh

193 1375 430 1461 versolgingen
446 1373 531 1439 noch
547 1372 626 1439 door
642 1373 682 1439 de
698 1371 925 1459 evangelisohe
950 1370 1035 1437 noeh
1058 1369 1138 1436 door
1160 1369 1201 1435 de
1224 1364 1382 1456 keizerlijht

193 1483 319 1545 wetten
341 1478 526 1563 toegelateu
550 1477 626 1564 siju,
645 1497 687 1542 en
710 1475 842 1562 spreekt
865 1475 906 1541 de
921 1474 1005 1561 hoop
1023 1473 1084 1554 uit,
1103 1472 1160 1540 dat
1176 1471 1218 1539 de
1234 1470 1341 1538 Kaisar
1357 1487 1381 1536 st

194 1582 263 1649 niet
278 1581 394 1667 langor
410 1581 461 1647 sal
477 1579 657 1667 gedoogen.

192 1763 239 1818 Ad
263 1763 393 1818 Ceratum
416 1764 558 1824 Quintum,
579 1767 775 1833 imperatorem
804 1762 950 1816 Caesarem
978 1762 1144 1830 nugatum,
1170 1761 1266 1830 piam,
1292 1755 1379 1828 felin

226 1849 356 1900 victorem
377 1845 465 1906 Galli,
487 1847 637 1914 pomifieis,
661 1855 770 1916 patrem
792 1849 914 1914 patriae,
938 1844 1055 1913 epistola
1081 1842 1210 1897 Gerardi
1235 1840 1379 1909 Noricum

226 1933 258 1982 in
283 1946 338 1999 quo
362 1938 504 1996 tractetur,
528 1938 623 1982 amum
646 1928 778 1983 haeretici
801 1932 864 1982 iure
885 1927 1032 1997 suppliciis
1054 1926 1142 1995 adfici
1162 1930 1271 1998 poam
1288 1941 1331 1980 nae
1349 1936 1378 1976 st.

225 2015 501 2067 assumemur.

226 2146 451 2198 elementissimo
475 2146 597 2205 Caesari,
621 2147 743 2197 maximo
766 2145 987 2209 felicissimaque
1009 2144 1150 2211 Augusto,
1172 2144 1275 2198 carolo
1292 2143 1376 2204 odaia

192 2230 251 2294 pio,
268 2229 356 2288 ielici,
373 2229 449 2294 patri
465 2230 584 2293 patriae,
598 2229 739 2279 Gerardus
752 2229 943 2294 Noviomagus
955 2226 1096 2294 s[alutem]
1116 2225 1210 2295 d[ieit]
1229 2223 1377 2294 pssurlffll

227 2311 289 2362 Etsi
306 2312 445 2369 omnibus,
464 2310 564 2362 carole
581 2313 718 2377 Auguste,
731 2311 792 2371 tibi,
806 2311 859 2361 Dei
877 2310 1064 2368 ordinatione,
1082 2309 1247 2375 principum
1263 2307 1376 2365 dmitos

193 2393 291 2459 populi
308 2406 457 2451 consensu,
479 2393 624 2457 subjectis,
644 2406 817 2459 magnopere
838 2393 918 2444 cordi
935 2405 1076 2456 curaeque
1098 2405 1162 2445 esse
1183 2393 1292 2451 debeat,
1308 2398 1377 2442 m

192 2476 396 2540 Imperatoriae
426 2474 583 2539 Maiestatis
607 2479 671 2528 tuae
694 2475 780 2537 salus,
810 2475 905 2539 decus,
934 2475 1054 2526 victoria
1081 2487 1115 2526 aa
1143 2474 1309 2540 triumphus,
1329 2466 1376 2524 nili

193 2560 287 2610 minen
315 2571 384 2622 prae
412 2559 533 2609 caeteris
561 2558 590 2609 id
619 2559 714 2609 oneris
743 2558 890 2616 incumbit,
919 2561 950 2609 ut
979 2570 1051 2622 quae
1079 2557 1116 2608 ad
1144 2555 1376 2610 excellentissim

195 2638 314 2706 s[aerae]
341 2639 569 2705 Imperatoriae]
598 2640 776 2703 majestatis]
807 2643 873 2691 tuae
901 2639 1069 2705 dignitatem
1090 2639 1250 2704 pertinent,
1271 2652 1318 2704 pro
1334 2633 1377 2687 siri·

194 2722 246 2773 bus
268 2735 478 2786 promoveam:
503 2735 575 2784 quae
598 2727 705 2782 contra,
730 2721 845 2773 sedulus
867 2735 1021 2773 amoveam.
1044 2720 1120 2773 Ante
1146 2722 1310 2774 decennium
1325 2716 1377 2771 eui!

193 2803 224 2854 iu
247 2801 425 2870 majestatis]
451 2810 514 2855 tuae
536 2803 674 2854 familiam
697 2804 802 2855 ascitus
823 2803 1057 2867 honoratiorique
1079 2800 1203 2871 s[acrae]
1233 2792 1377 2868 timeat}

194 2887 259 2937 tuae
283 2885 376 2935 officio
399 2886 566 2950 adscriptus,
590 2886 645 2936 uisi
667 2885 848 2954 majestatis]
877 2887 943 2938 tuae
970 2886 1109 2938 honorem
1138 2887 1168 2937 et
1193 2885 1309 2952 gloriam
1329 2879 1377 2934 mat

194 2967 323 3019 omnibus
340 2981 524 3032 proposuero,
538 2983 594 3018 non
606 2969 687 3020 video
708 2982 763 3032 quo
780 2969 864 3019 modo
883 2969 1074 3034 turpissimam
1090 2967 1302 3035 ingratitudinis
1311 2966 1377 3017 notat

195 3051 331 3115 effugero.
356 3049 430 3100 Hine
453 3042 505 3114 ost,
534 3050 752 3102 clementissime
781 3050 894 3109 Caesar,
919 3051 994 3115 quod
1017 3064 1073 3101 non
1095 3063 1210 3110 verear,
1232 3051 1286 3102 imo
1309 3054 1377 3112 aaut·

194 3130 395 3199 MJajestatem]
407 3135 484 3183 tuam
497 3134 531 3184 de
544 3134 720 3196 quibusdam,
733 3147 803 3196 quae
816 3131 995 3199 maiestatis]
1010 3134 1076 3185 tuae
1088 3132 1229 3186 honorem
1240 3128 1379 3198 reipublice

193 3215 381 3279 commodum,
400 3215 557 3265 animarum
574 3214 694 3265 salutem
711 3216 895 3273 concernunt,
913 3216 1076 3274 admonere,
1094 3215 1182 3279 idque
1199 3214 1379 3268 veresim-

193 3298 248 3348 ter.
262 3297 354 3356 Quare
367 3297 453 3348 etiam
471 3311 527 3347 non
545 3297 652 3359 dubito,
672 3297 738 3360 quin
757 3295 858 3363 s[acra]
877 3297 1087 3361 Im[peratoria]
1106 3297 1266 3364 Maiestas}
1282 3293 1381 3347 mansa

195 3379 348 3445 diligenter
365 3379 451 3445 leget,
469 3379 538 3430 boni
558 3379 695 3443 consulet,
717 3394 749 3430 ac
769 3393 861 3431 meam
881 3393 978 3430 euram
1000 3379 1237 3446 diligentiamque
1255 3380 1285 3431 in
1300 3390 1330 3429 ra
1343 3376 1382 3426 tn

195 3462 355 3513 necessaria
378 3463 580 3525 comprobabit.
605 3462 679 3513 Male
702 3463 780 3514 audit
802 3463 844 3526 (ut
867 3463 942 3525 quod
964 3475 1062 3514 verum
1090 3464 1144 3522 est,
1170 3460 1265 3514 libere
1289 3465 1383 3520 W

195 3544 296 3608 dicam)
314 3543 416 3610 s[aora]
434 3542 588 3609 majestas]
609 3546 658 3594 tua
674 3559 729 3594 non
747 3544 832 3610 vulgo
850 3542 951 3604 solum,
965 3544 1163 3595 verumetiam
1180 3545 1258 3610 apud
1267 3541 1385 3596 maban

194 3625 293 3691 populi
305 3627 345 3676 tui
358 3627 387 3675 in
400 3627 518 3688 utraque
537 3626 687 3676 Germania
697 3628 817 3690 partem,
832 3627 907 3690 quod
919 3624 1040 3692 s[acrae]
1052 3613 1239 3694 squamus]
1251 3629 1313 3678 hiae
1321 3617 1385 3675 salal

194 3706 337 3774 imp[erio]
361 3708 588 3771 authoritateque
609 3708 649 3758 ita
668 3709 697 3758 iu
721 3722 780 3771 cos,
804 3723 874 3772 quos
894 3709 1054 3760 haereticos
1081 3710 1195 3771 vocant,
1228 3706 1386 3762 desudata.

195 3793 226 3840 ut
243 3790 421 3841 ethnicorum
439 3790 597 3853 tyrannidis
615 3793 644 3841 et
660 3793 788 3842 vetorum
806 3790 911 3841 Christi
931 3792 1089 3856 martyrum
1109 3793 1289 3844 constantiae
1304 3788 1388 3856 parite

94 3900 96 3905 ,
195 3875 224 3923 et
245 3872 399 3936 pationtiae
425 3870 555 3936 exempla
578 3873 675 3923 audire
701 3874 854 3936 videreque
883 3887 939 3924 non
962 3887 1018 3924 uno
1044 3873 1075 3924 in
1102 3871 1168 3924 loeo
1193 3888 1294 3927 marsus
1316 3870 1389 3924 licant

195 3953 314 4012 Quidam
332 3955 407 4005 enim
425 3955 454 4004 in
472 3954 591 4004 vinculis
609 3956 782 4019 detinentur,
794 3956 929 4007 uxoribus
941 3957 1052 4009 interea
1062 3956 1220 4021 parvisque
1230 3954 1391 4010 uomitus

194 4037 388 4101 pereuntibus.
408 4036 505 4100 Aliqui
525 4037 619 4098 rebus,
640 4038 743 4088 sudore
764 4041 793 4089 et
810 4039 947 4104 sanguine
967 4039 1067 4103 partis,
1087 4038 1261 4104 spoliantur.
1279 4031 1393 4093 Nonnulli

194 4120 224 4168 in
245 4121 376 4170 externas
395 4121 538 4186 regiones,
560 4122 645 4185 egoni
664 4121 826 4186 ingratique
846 4121 983 4185 hospites,
1009 4121 1232 4187 proscribuntur
1253 4119 1394 4189 propellas·

196 4202 306 4263 turque.
332 4202 394 4258 llio,
420 4205 492 4253 tetro
517 4206 709 4266 perpetuoque
733 4216 849 4254 carcere
872 4203 1084 4263 condemnatus,
1108 4204 1249 4268 squalore
1271 4207 1302 4259 et
1319 4199 1397 4256 instit

195 4284 381 4345 contabescit;
400 4284 448 4335 ille
466 4285 545 4346 aquis
563 4286 760 4348 praelocutum
780 4286 834 4337 iste
855 4285 976 4336 flammis
996 4287 1136 4338 exuritur.
1159 4288 1229 4340 Non
1246 4287 1340 4346 aaut,
1354 4294 1398 4336 noa

194 4367 275 4416 sexui
295 4367 429 4430 parcitur.
452 4365 530 4416 Nihil
551 4368 701 4424 amicitiae,
723 4367 794 4418 nihil
813 4368 970 4427 beneflciis,
991 4368 1064 4420 nihil
1086 4369 1190 4421 officiis
1212 4364 1400 4424 maurusii

194 4448 353 4513 gravissimi
384 4447 664 4512 pestilentissimiqua
692 4451 819 4501 criminis
847 4465 914 4504 reus
943 4451 1024 4516 (haec
1053 4454 1097 4504 est
1126 4454 1270 4517 quaerela
1296 4446 1400 4522 publicai

193 4532 349 4597 peragitur,
374 4531 500 4594 quisquis
523 4530 629 4594 alioqui
652 4533 910 4597 innocentissimus,
934 4533 1056 4587 desertis
1084 4533 1240 4591 homiuum
1270 4535 1401 4593 dochino.
