3224 5400
200 488 250 541 416
684 484 936 540 AANHANGSEL

196 654 236 722 da
260 655 376 720 kostsn
401 654 514 721 aldaar
537 654 662 738 gedasn
686 654 765 719 door
787 653 874 732 hem,
899 652 961 719 dan
986 651 1185 737 inquisitaur
1208 671 1249 716 on
1285 649 1411 717 hunneu
1449 626 1452 631 ’

194 760 317 825 notaris
334 778 373 823 en
390 758 500 824 fisoaal
519 757 551 822 in
570 759 629 823 het
645 758 824 841 vervolgeu
842 776 905 822 van
925 756 1152 823 Lutheranen.

706 955 746 1007 De
763 957 906 1024 copositio.

226 1107 259 1159 In
272 1121 357 1159 causa
367 1106 563 1158 visitationis..
573 1144 596 1158 ..

226 1239 267 1290 De
282 1238 415 1292 mandato
432 1238 542 1290 domini
558 1237 792 1290 reverendissimi.
806 1237 889 1295 Item,
901 1239 1017 1289 inerunt
1029 1239 1157 1303 deputati
1175 1238 1204 1289 in
1227 1237 1367 1288 Woirdan
1381 1236 1413 1286 ad

193 1321 356 1372 instantiam
368 1320 514 1373 castellani
531 1321 566 1372 de
578 1319 716 1372 Woirden
735 1333 820 1384 super
832 1321 989 1372 defectibus
1007 1321 1136 1372 doctrine
1149 1320 1269 1372 Lutheri
1284 1319 1412 1370 dominus

194 1401 372 1468 provintialis
392 1402 542 1466 inquisitor
562 1401 688 1453 heretica
711 1402 868 1466 pravitatis,
892 1401 1034 1453 Adrianus
1059 1401 1135 1454 Buer
1159 1402 1286 1453 notarius
1311 1399 1412 1452 fiscalis

194 1488 223 1537 et
234 1499 302 1552 eg03
316 1486 542 1550 consumpsimus
555 1482 570 1532 8
583 1486 663 1535 scuta
674 1499 713 1536 xx
727 1485 762 1534 st.

226 1568 308 1626 Item.
330 1569 395 1619 dedi
418 1569 529 1619 cuidam
552 1567 659 1622 nuntio,
682 1568 730 1629 qui
753 1567 877 1630 portavit
897 1566 1007 1619 litteras
1031 1568 1060 1618 in
1084 1567 1168 1634 Haga
1190 1566 1318 1623 Comitis,
1342 1566 1412 1630 quod

193 1649 300 1703 vellent
310 1654 439 1716 prestare
457 1649 593 1701 auxilium
606 1648 640 1698 ad
652 1648 924 1712 apprehendendum
935 1653 1028 1702 certos
1046 1650 1133 1702 laicos
1150 1651 1272 1701 iniectos
1288 1649 1414 1700 doctrina

195 1731 378 1788 Lutheriana
394 1733 406 1782 l
420 1735 540 1784 scutum.

228 1815 300 1867 Dedi
318 1815 409 1866 eidem
421 1814 557 1882 [Adriano
571 1814 669 1870 Bordt,
682 1814 861 1878 procuratori
879 1812 989 1882 fiscali]‚
1003 1815 1038 1867 de
1056 1815 1132 1867 reisa
1143 1815 1218 1866 tacta
1229 1815 1259 1864 in
1277 1814 1413 1866 Woirden

194 1900 293 1951 contra
305 1898 503 1956 Lutherianos,
518 1901 566 1949 xxi
580 1899 649 1949 stut.

226 1979 332 2049 [Item,]
354 1983 529 2046 computabit
551 1982 585 2033 de
609 1984 786 2047 conjectione
807 1982 922 2033 illorum
945 1980 1184 2034 Lutherianorum
1205 1981 1234 2031 in
1256 1980 1411 2055 Woirdan3

194 2061 409 2131 [compens]avit
420 2077 558 2128 expensas
570 2066 599 2114 in
613 2078 646 2116 aa
658 2079 690 2117 ra
701 2067 791 2116 tactas
804 2065 833 2116 in
847 2065 899 2115 hac
911 2064 1121 2129 computatione
1136 2061 1309 2129 [exp]ositis.

457 2210 651 2276 Rijksarchiet
678 2213 707 2264 te
735 2213 862 2268 Utrecht
885 2199 1052 2277 'Reksning
1080 2224 1133 2263 van
1159 2213 1213 2263 den
1240 2213 1368 2264 marias
1390 2212 1417 2261 in

493 2294 686 2360 spiritualibus
709 2309 761 2346 van
786 2296 841 2347 den
862 2295 995 2359 bisschop
1016 2295 1094 2358 (over
1116 2293 1215 2357 15233).
1234 2323 1265 2332 —
1284 2294 1321 2346 Ik
1340 2306 1415 2345 maen

491 2376 558 2428 deza
570 2378 779 2444 ongedateerde
791 2377 933 2444 rekening
950 2379 979 2429 in
998 2377 1123 2430 verband
1135 2377 1164 2428 te
1175 2390 1282 2443 mogen
1293 2378 1416 2445 brengen

492 2461 550 2510 met
568 2460 602 2511 de
619 2460 743 2512 stukken
755 2461 784 2511 in
800 2459 904 2528 Corpus
916 2459 963 2519 IV,
977 2469 1017 2511 rr*¹
1029 2460 1077 2511 132
1095 2473 1129 2511 en
1149 2459 1205 2516 133,
1219 2463 1331 2511 waarin
1349 2481 1362 2502 a
1375 2461 1416 2512 dis

493 2541 614 2593 vicarius
632 2542 681 2593 des
699 2541 823 2594 bisdoms
841 2556 893 2595 van
913 2542 1033 2594 Utrecht
1046 2566 1058 2588 n
1078 2544 1107 2594 te
1125 2543 1270 2594 Woarden
1290 2543 1416 2607 optraodt

495 2625 579 2689 tegen
592 2637 662 2675 eene
675 2623 906 2677 Lutheraansohe
922 2638 1019 2677 vrouw
1037 2645 1050 2667 a
1063 2638 1210 2691 gorangon
1223 2625 1321 2690 bydan
1333 2626 1416 2677 caste

495 2704 596 2770 layna,
627 2706 657 2756 in
686 2706 802 2774 overleg
830 2709 888 2760 met
916 2708 965 2760 het
993 2706 1051 2760 Hoi
1078 2720 1131 2758 van
1155 2705 1283 2759 Holland
1306 2708 1337 2760 in
1360 2709 1415 2760 Der

495 2787 586 2854 Haag.

691 3009 767 3078 ras
793 3002 931 3094 (isoio).

254 3245 358 3317 1523,
378 3237 457 3304 Joli
478 3247 494 3304 1
514 3258 557 3305 en
577 3247 610 3317 3,
631 3238 787 3304 Brussel.
808 3240 988 3308 Uittreksel
1014 3239 1061 3306 uit
1085 3239 1141 3306 het
1167 3238 1332 3305 Diadum
1355 3258 1414 3302 van

202 3346 361 3432 Georgius
383 3347 568 3431 Spoletinus
590 3365 669 3410 over
691 3345 730 3410 de
754 3343 975 3428 verbranding
998 3342 1056 3408 dar
1079 3342 1148 3408 dria
1178 3341 1416 3428 Antwerpsehe

201 3450 408 3536 augustijnen
438 3454 471 3515 te
500 3441 716 3514 Brussely-
744 3447 944 3533 Asugaanda
974 3446 1013 3512 da
1044 3453 1142 3526 tuae,
1175 3464 1218 3530 op
1252 3445 1328 3511 ΙΜ
1357 3445 1418 3513 Juii

202 3551 467 3636 tereehtgesteld‚
486 3556 560 3636 zegt
577 3551 762 3635 Spalatinus
779 3570 839 3615 ean
857 3549 1019 3636 sobrijven
1036 3567 1101 3615 van
1124 3548 1320 3615 Lambartus
1337 3548 1417 3615 Mul·

201 3674 351 3732 manuus,
370 3674 473 3719 aenan
490 3654 697 3739 ooggetuige,
715 3658 748 3720 te
765 3651 892 3719 hebben
911 3659 1113 3738 ontvaugan.

232 3839 330 3892 Prima
346 3840 392 3891 die
408 3839 480 3891 Julii
497 3839 536 3906 [a0
548 3839 712 3907 MDXXIII]
726 3840 878 3892 Bruxellae
896 3841 951 3891 duo
968 3840 1178 3906 Augustiniani
1199 3839 1282 3903 prius
1294 3841 1422 3892 Antwer·

200 3923 264 3987 piae
275 3923 367 3987 ejecti,
382 3925 448 3973 sunt
460 3923 558 3974 eodem
576 3925 605 3974 ot
622 3924 781 3975 criminant
794 3924 908 3975 nomina
925 3922 1032 3984 exusti;
1051 3923 1136 3972 tertio
1149 3934 1217 3972 vero
1229 3922 1247 3972 J
1250 3922 1305 3973 ulii
1318 3923 1419 3974 ibidem

202 4005 320 4057 tertius:
350 4018 454 4070 magna
482 4019 579 4056 omnes
607 4007 767 4057 constantia
798 4005 940 4057 christum
969 4006 998 4056 et
1027 4005 1175 4055 veritatem
1203 4005 1233 4054 et
1262 4005 1420 4056 doctrinam

201 4087 394 4154 evangelicam
411 4089 542 4151 professi,
554 4088 669 4139 fortiter
686 4089 715 4139 in
733 4089 855 4139 Domino
873 4088 1008 4147 defuncti,
1028 4087 1082 4136 hoc
1099 4087 1184 4138 verbo
1204 4101 1211 4136 :
1234 4107 1246 4128 a
1258 4087 1363 4144 ihesu,
1382 4085 1420 4137 nli

202 4170 300 4226 David,
319 4170 457 4221 miserere
474 4172 542 4222 mei!
559 4193 570 4215 n
589 4171 776 4221 trementibus
793 4169 922 4235 piebejis.
941 4170 1063 4222 Adducti
1080 4170 1170 4219 instar
1187 4169 1298 4221 Christi
1317 4172 1354 4222 ad
1370 4171 1422 4221 tria

202 4251 374 4304 tribunalia:
397 4254 422 4302 1.
440 4253 545 4316 iudicio
564 4251 652 4314 noct,
670 4254 810 4318 episcopis
829 4256 858 4304 ct
875 4253 963 4303 sacris
980 4264 1046 4303 vere
1067 4253 1168 4314 sacris3
1186 4253 1211 4302 2.
1233 4252 1381 4316 judicibus
1397 4255 1424 4303 et

201 4336 312 4387 senatui
340 4334 521 4398 Bruxellen3
547 4336 571 4386 3.
599 4334 770 4386 consiliariis
797 4336 850 4385 Dn.
878 4335 1063 4400 Margaritae,
1091 4336 1139 4399 qui
1168 4347 1218 4386 eos
1246 4335 1425 4387 tradiderunt

201 4418 335 4474 carnifici,
361 4418 508 4469 carnifices
531 4431 582 4483 per
605 4417 762 4469 carnifices.
787 4417 824 4467 Et
847 4416 960 4468 merito.
985 4416 1058 4477 Quid
1085 4418 1161 4470 enim
1186 4415 1267 4469 aliud
1296 4420 1424 4471 tacerent

201 4501 364 4553 carnifices?
381 4501 467 4552 nullia
485 4515 541 4552 nou
558 4501 738 4552 carnificibus
755 4500 948 4552 immaniores.
965 4500 1080 4552 Juniori
1098 4501 1267 4553 nomentuit
1278 4502 1424 4556 Jobannes
