3224 5400
354 459 401 506 lta
870 453 975 507 ANNO
995 455 1059 504 1526

351 621 394 684 (ut
411 619 557 682 asseritur)
576 619 610 669 de
629 618 748 681 Orques
762 620 836 670 dicte
849 619 1038 670 Tornacensis
1051 619 1182 676 diocesis,
1201 618 1250 681 qui
1267 617 1302 670 de
1314 617 1449 681 predicto
1467 616 1570 668 crimine

351 701 461 753 heresis
487 703 634 751 accusatus
657 701 717 760 tuit,
747 701 925 764 punitionem
943 699 1010 765 (non
1037 701 1168 751 obstante
1192 699 1267 763 quod
1288 713 1341 764 pro
1364 701 1450 764 parte
1467 700 1572 751 antelati

350 783 500 835 reverendi
521 783 550 832 in
569 782 681 833 christo
699 784 799 846 patris,
819 786 954 845 quantum
976 783 1040 833 tleri
1053 784 1156 846 potuit,
1180 782 1316 832 rescitum
1341 795 1376 832 ac
1397 781 1433 833 de
1455 780 1572 832 nullitate

350 879 501 931 processus
514 865 543 914 in
561 877 625 914 eum
638 878 690 927 per
700 864 790 913 dictos
803 865 837 914 de
850 863 974 928 capitulo
988 865 1088 929 agitati
1101 867 1130 915 et
1147 864 1310 914 sentenciae
1323 863 1452 929 desuper
1468 863 1572 915 terenda

350 949 538 1012 protestatum
559 946 670 1010 fuisset)
684 946 719 995 de
735 947 810 995 tacto
823 949 852 996 et
872 945 989 997 nulliter
1009 946 1222 1010 processerant;
1242 945 1319 996 unde
1341 947 1374 996 et
1393 946 1572 1010 propterque

350 1029 507 1094 prelibatus
536 1027 710 1078 reverendus
733 1028 762 1077 in
784 1027 897 1078 Christo
920 1030 1002 1092 pater
1022 1028 1209 1091 justissimam
1227 1027 1263 1078 de
1283 1027 1356 1092 ipsis
1379 1026 1574 1092 capitularibus

350 1110 544 1175 conquerendi
556 1112 585 1160 et
597 1123 645 1160 eos
658 1110 687 1159 in
698 1110 745 1173 ius
757 1110 876 1159 vocandi
888 1123 1002 1160 causam
1014 1110 1120 1161 habere
1133 1113 1162 1161 et
1172 1110 1261 1174 potiri
1277 1109 1430 1162 asserebat
1440 1110 1574 1174 predictae

351 1193 481 1242 dominus
492 1192 628 1253 vicarius;
642 1192 691 1242 sed
704 1190 905 1241 nichilominus
917 1194 1013 1242 tamen
1025 1194 1063 1252 ct,
1077 1192 1224 1255 premissis
1242 1206 1299 1242 non
1316 1191 1513 1248 obstantibus,
1523 1204 1574 1256 pre

250 1306 253 1311 -
350 1276 524 1325 memoratus
549 1273 724 1324 reverendus
747 1273 776 1322 in
798 1273 910 1323 Christo
936 1275 1018 1337 pater
1038 1276 1068 1324 et
1087 1274 1217 1325 dominus
1242 1273 1376 1324 dominus
1397 1272 1575 1324 Tornacenn't

350 1357 510 1420 episcopus,
531 1356 649 1420 cupiens
662 1356 691 1406 et
712 1356 877 1406 desiderans
897 1354 983 1420 (sieut
1000 1356 1192 1419 subjungebat
1208 1356 1302 1406 dictus
1317 1355 1461 1419 vicarius)
1473 1354 1575 1406 eosden

350 1439 385 1490 de
407 1436 533 1502 capitulo
556 1437 640 1486 modo
664 1450 719 1498 quo
746 1437 828 1487 decet
850 1438 935 1500 caput
959 1437 1086 1486 membra
1108 1449 1160 1487 sua
1184 1437 1307 1487 tractare
1331 1439 1362 1487 et
1388 1449 1457 1487 eum
1482 1435 1575 1488 &den

349 1518 570 1584 capitulantibus
582 1519 611 1567 in
623 1531 692 1581 pace
704 1519 733 1568 et
744 1519 898 1568 eoncordia
909 1519 1005 1569 vivere
1018 1532 1128 1569 necnon
1141 1519 1332 1569 omnimodam
1350 1516 1416 1569 litis
1427 1520 1461 1569 et
1478 1518 1575 1568 contu

350 1603 461 1654 versiae
484 1601 632 1652 materiam
656 1601 757 1664 lugere
781 1601 810 1651 et
838 1601 1018 1665 extinguere,
1041 1601 1156 1651 eosdem
1181 1599 1373 1665 capitulantes
1396 1600 1500 1664 paucis
1521 1598 1574 1650 ante

352 1683 503 1735 Paschalia
521 1685 595 1734 testa
615 1683 766 1733 novissime
786 1683 925 1746 preterita
943 1683 1042 1733 diebus
1064 1696 1149 1747 super
1166 1681 1308 1735 amicabili
1326 1681 1574 1733 communicatione

350 1766 474 1817 cumeis
493 1764 625 1816 iacienda
642 1766 671 1815 et
687 1764 819 1815 habenda
835 1764 944 1827 requiri
963 1765 1080 1823 lecerat,
1103 1778 1214 1816 necnon
1235 1777 1271 1815 ex
1291 1764 1476 1815 habundanti
1495 1764 1573 1828 ipsun

352 1848 497 1898 dominum
509 1846 736 1904 vicarium,sicut
748 1845 827 1903 dixit,
836 1847 910 1910 apud
923 1860 973 1897 eos
985 1847 1078 1898 denuo
1088 1847 1253 1904 miserat,ut
1261 1845 1321 1896 illie
1331 1847 1393 1896 tres
1402 1846 1476 1904 vias.
1486 1844 1573 1909 quibu

352 1930 388 1980 ad
400 1929 580 1979 concordiam
594 1927 771 1978 amicabilem
788 1928 939 1992 pervenire
956 1931 1081 1992 possent,
1095 1930 1242 1980 nuntiaret
1259 1930 1288 1978 et
1300 1929 1441 1991 aperiret,
1460 1928 1543 1992 prout
1550 1925 1574 1976 et

352 2011 466 2063 easdem
483 2011 543 2060 vias
554 2009 624 2073 ipsis
642 2007 863 2073 capitulantihus
880 2010 944 2060 viva
961 2023 1029 2059 voce
1048 2011 1189 2059 nuntiavit
1200 2009 1230 2060 et
1241 2009 1355 2072 aperuit
1369 2023 1376 2058 :
1390 2007 1514 2072 primam
1527 2006 1572 2057 sci·

350 2090 428 2151 licet,
446 2091 521 2155 quod
544 2091 598 2154 ipsi
620 2091 727 2141 domini
740 2090 775 2142 de
787 2090 911 2155 capitulo
929 2090 1082 2141 nonnullos
1095 2092 1130 2142 de
1143 2092 1201 2141 suis
1219 2090 1423 2141 concanonicis
1433 2091 1466 2142 et
1476 2089 1572 2140 eontra

352 2175 444 2226 tribus
468 2173 639 2237 deputarent
651 2173 687 2223 ad
706 2186 771 2223 eum
787 2173 851 2237 ipso
868 2162 1025 2224 reverendo
1044 2174 1142 2236 eiusve
1156 2173 1301 2223 officiariis
1313 2172 1445 2236 gratiose
1461 2183 1572 2223 comma·

353 2256 505 2307 nicandum
526 2256 555 2304 et
574 2255 651 2305 inter
669 2267 699 2306 se
717 2254 907 2306 amicabiliter
925 2256 954 2305 et
974 2255 1080 2317 absque
1104 2256 1226 2318 strepitu
1249 2257 1299 2304 aut
1320 2255 1417 2304 torma
1430 2250 1573 2318 judiciiti

349 2336 486 2402 possibile
510 2336 596 2396 toret,
620 2335 863 2399 concordandum3
886 2337 1039 2387 secundam
1059 2350 1137 2394 vero,
1164 2336 1240 2398 quod
1262 2336 1324 2400 ipse
1348 2335 1525 2387 reverendus
1547 2333 1571 2382 in

352 2418 464 2469 Christo
481 2418 564 2482 pater
582 2417 611 2466 et
623 2417 729 2466 domini
747 2418 782 2468 de
795 2417 919 2482 capitulo
937 2418 1010 2481 juris
1028 2418 1152 2468 arbitros
1165 2431 1215 2468 seu
1228 2417 1418 2468 arbitratores
1435 2418 1468 2468 et
1482 2414 1571 2468 amica·

351 2498 425 2551 biles
447 2498 654 2563 compositores
679 2499 735 2549 sibi
762 2500 792 2550 in
815 2499 868 2550 hac
892 2500 1006 2550 civitate
1031 2499 1206 2550 'tornacensi
1232 2498 1278 2550 rel
1304 2498 1423 2564 Effigie,
1447 2495 1571 2556 endan,

350 2581 521 2634 Mechliniae
539 2595 589 2632 seu
608 2581 725 2631 Lovanii
746 2582 822 2633 intra
838 2585 948 2633 eertum
969 2585 1081 2646 tempus
1099 2584 1293 2644 assumerent;
1314 2583 1344 2633 et
1361 2582 1489 2642 tertiam,
1507 2578 1572 2644 quod

350 2664 437 2714 iidem
456 2663 563 2713 domini
585 2662 620 2713 de
642 2662 777 2726 capitulo,
801 2664 849 2725 qui
872 2678 902 2714 se
925 2665 959 2714 ab
983 2664 1129 2714 ordinario
1154 2665 1301 2727 exemptos
1322 2665 1468 2728 asserunt,
1490 2663 1570 2713 virum

350 2745 501 2808 quemdam
517 2744 638 2808 probum
656 2746 685 2794 ct
698 2745 811 2794 doctum
824 2745 878 2794 sibi
896 2745 1038 2810 eligerent
1050 2747 1079 2796 et
1091 2746 1120 2796 in
1133 2759 1198 2796 eum
1209 2747 1282 2796 utet
1299 2747 1446 2808 mmquam
1456 2744 1570 2810 juncea

349 2840 432 2878 suum
440 2827 644 2886 consentirent,
657 2839 753 2876 coram
764 2840 819 2889 quo
829 2825 987 2890 prelibatus
998 2828 1173 2878 reverendus
1184 2828 1231 2890 J'us
1243 2841 1326 2877 suum
1335 2827 1466 2890 experiri
1474 2825 1570 2891 posset.

348 2922 454 2976 rogans
468 2909 558 2959 dictus
571 2908 702 2959 dominus
714 2909 836 2958 vicarius
855 2909 996 2959 antelatos
1014 2909 1144 2959 dominos
1156 2907 1345 2972 capitulantes
1362 2911 1394 2960 et
1409 2922 1460 2961 eos
1477 2908 1571 2960 obnixe

349 2992 514 3055 deprecans,
536 2992 675 3052 quatenus
701 3004 753 3053 pro
773 3003 843 3054 pace
867 2991 1066 3052 consequenda
1084 3004 1169 3042 unam
1189 2991 1299 3041 viarum
1316 2989 1571 3055 predeelaratarurn

347 3087 491 3125 assumere
510 3074 539 3124 et
557 3085 740 3137 processuras
757 3085 809 3136 per
826 3085 875 3123 eos
887 3072 1034 3124 inchoatas
1046 3072 1163 3123 iuterim
1174 3072 1352 3136 suspendere
1368 3071 1481 3127 vellent
1496 3074 1571 3136 atque

350 3156 548 3221 dignarentur.

382 3236 435 3295 Qui
453 3238 567 3300 quidem
583 3237 690 3286 domini
708 3236 895 3300 capitulantes
913 3238 1038 3287 antefato
1057 3237 1172 3287 domino
1193 3236 1310 3295 vicario,
1328 3237 1484 3300 postquam
1504 3237 1571 3288 inter

349 3332 390 3378 se,
409 3319 490 3369 nobis
509 3319 640 3368 omnibus
660 3319 775 3368 interim
797 3332 813 3367 a
834 3317 895 3368 loco
916 3318 1068 3381 capitulari
1091 3319 1233 3377 retractis,
1259 3317 1480 3377 deliberassent.
1503 3317 1570 3369 vocis

349 3414 458 3464 organo
476 3400 647 3452 venerabilis
675 3401 728 3449 viri
757 3401 865 3450 domini
888 3399 1016 3458 Quintini
1042 3401 1077 3451 de
1101 3400 1225 3463 Capella,
1256 3400 1381 3450 officium
1404 3399 1570 3465 presidentis

350 3482 521 3540 exercentis,
551 3481 761 3544 responderunt
781 3482 809 3531 et
837 3481 961 3532 contessi
984 3482 1102 3532 tuerunt
1121 3494 1220 3532 verum
1248 3481 1340 3532 tuisse
1359 3481 1389 3533 et
1410 3494 1486 3542 esse,
1504 3478 1570 3544 quod

349 3563 448 3627 paucis
461 3563 561 3614 diebus
574 3565 639 3613 ante
651 3563 755 3613 testum
775 3563 884 3614 Pasche
897 3564 1048 3613 novissime
1067 3563 1236 3626 preteritum
1254 3563 1307 3627 ipsi
1325 3563 1435 3613 domini
1447 3563 1484 3615 de
1500 3561 1569 3626 capi·

350 3644 410 3695 tulo
422 3645 537 3696 tuerent
554 3657 605 3708 pro
618 3647 699 3707 parte
712 3645 780 3693 dicti
798 3645 904 3694 domini
924 3645 1050 3708 episcopi
1067 3658 1153 3708 super
1170 3644 1429 3696 communicatione
1446 3655 1568 3708 premen-

351 3727 459 3777 tiouata
473 3727 606 3777 summati
619 3727 648 3776 et
664 3725 805 3788 requisiti,
824 3728 955 3788 quodque
973 3726 1136 3789 hujusmodi
1153 3727 1272 3789 petitam
1289 3726 1569 3777 communicationem

351 3810 469 3873 propter
491 3808 694 3871 impedimenta
718 3806 830 3871 (quibus
854 3809 889 3857 ad
911 3821 1025 3858 eausam
1046 3808 1120 3857 sacri
1144 3806 1406 3872 Quadragesimalis
1434 3809 1464 3859 et
1491 3806 1567 3858 etim

352 3889 534 3942 Paschalium
552 3892 618 3940 tunc
630 3890 759 3953 proxime
776 3890 943 3940 instantium
954 3891 1093 3940 testorum
1111 3889 1199 3939 divini
1211 3889 1298 3939 offleii
1314 3890 1454 3941 exercitio
1465 3889 1566 3940 detine·

351 3972 456 4022 bantur
473 3974 503 4022 et
522 3972 742 4036 occupabantur)
762 3973 983 4036 postposuerant
1002 3972 1032 4022 et
1044 3971 1224 4034 distulerant,
1241 3972 1357 4034 paratos
1376 3970 1566 4023 nichilominus

352 4067 384 4107 se
401 4053 554 4106 offerentes
572 4053 656 4116 (sicut
668 4053 811 4119 dicebant)
823 4066 885 4104 sese
902 4054 976 4105 bone
989 4054 1018 4104 ct
1033 4053 1128 4105 debite
1145 4052 1397 4104 communicationi
1415 4066 1480 4104 cum
1492 4049 1566 4117 preli·

336 4128 338 4131 ’
351 4136 417 4187 bato
426 4136 584 4187 reverendo
597 4136 627 4185 in
640 4135 752 4187 Christo
762 4137 843 4198 patre
853 4136 950 4199 ejusve
960 4135 1105 4186 officiariis
1115 4134 1208 4185 tiende
1218 4136 1247 4185 et
1256 4134 1386 4186 habende
1398 4134 1562 4186 submittere

348 4217 463 4282 proviso
477 4219 571 4269 tamen
593 4219 622 4269 et
638 4232 695 4268 non
711 4216 781 4267 alias
798 4218 873 4280 quod
894 4218 955 4281 ipse
974 4218 1104 4267 dominus
1125 4217 1275 4280 episcopus
1294 4229 1346 4267 seu
1364 4216 1428 4279 eius
1447 4209 1561 4267 officiarii

347 4299 514 4364 magistrum
522 4299 685 4350 iohannem
697 4299 874 4364 carpentar,
886 4312 987 4349 eorum
999 4298 1143 4348 subditum
1154 4298 1248 4361 (quem
1257 4311 1310 4362 per
1323 4297 1415 4349 dictos
1424 4293 1558 4348 officiatos

347 4382 460 4446 captum
478 4383 508 4432 et
525 4382 554 4432 in
572 4382 706 4445 prisoniis
725 4382 804 4432 curie
816 4381 1007 4432 Tornacensis
1019 4381 1049 4430 in
1061 4379 1253 4444 prejudicium
1270 4392 1372 4430 eorum
1388 4373 1555 4443 possessionis

347 4463 540 4529 mancipatum
551 4464 639 4517 tuisse
651 4466 681 4517 et
694 4477 758 4516 csse
776 4462 917 4527 dicebant)
929 4463 963 4513 ab
982 4463 1089 4515 eisdem
1106 4461 1242 4526 prisoniis
1259 4460 1427 4514 relaxarent
1443 4462 1472 4513 et
1484 4456 1552 4510 resta¹
