3224 5400
587 469 840 522 AANHANGSEL

603 763 684 834 ‘1⁷9
711 761 824 847 (274⁴).

154 995 259 1066 1525,
282 987 390 1073 April
409 997 467 1065 21,
492 991 608 1054 Rome.
627 993 811 1056 Breve'van
835 1010 916 1075 paus
939 990 1087 1060 Clemens
1113 994 1174 1060 v11
1195 995 1324 1079 gericht

97 1097 151 1160 tot
166 1094 205 1159 de
222 1094 443 1181 landvoogdea
461 1093 673 1179 Margarctha
689 1113 753 1158 van
770 1093 970 1181 Oestenrijk,
998 1093 1081 1160 haar
1096 1096 1322 1181 uansporende

98 1194 139 1261 do
153 1195 280 1264 letters
297 1197 331 1262 in
348 1197 429 1264 hare
445 1203 615 1283 gewesten
632 1201 748 1281 streng
764 1200 798 1263 te
813 1196 1005 1280 vervolgen.

130 1366 174 1417 Ex
200 1367 318 1432 regione
347 1367 516 1419 Hellandiae
543 1371 572 1419 et
599 1369 706 1419 circum
735 1368 929 1418 adiacentibus
957 1366 1036 1426 locis,
1064 1368 1092 1418 in
1117 1368 1220 1432 quibus
1244 1369 1323 1421 Tuae

96 1447 263 1500 Nobilitatis
286 1451 411 1514 potestas
435 1453 464 1502 et
486 1452 640 1501 auctoritas
669 1464 778 1500 summa
798 1452 851 1508 est,
875 1449 1001 1513 quotidie
1025 1449 1060 1500 ad
1081 1464 1132 1500 nos
1153 1452 1322 1502 deteruntur

97 1528 233 1592 querelae
254 1531 389 1583 adversus
409 1532 579 1595 complures,
602 1533 649 1594 qui
672 1533 743 1588 eius,
767 1545 840 1594 quae
864 1545 939 1581 nune
962 1531 1163 1593 debacchatur,
1188 1531 1323 1584 hereseos

96 1611 219 1674 pertidia
240 1613 390 1676 inquinati,
416 1616 526 1664 vetusta
556 1613 701 1664 Ecclesiae
723 1615 902 1664 sacramenta
926 1617 955 1664 et
977 1615 1063 1664 iidem
1089 1614 1204 1678 synceri
1230 1613 1324 1666 cultus

96 1691 204 1742 Christi
225 1707 282 1743 non
303 1695 387 1744 modo
405 1695 576 1758 transgredi,
595 1694 645 1745 sed
663 1694 756 1757 palam
774 1694 860 1745 etiam
878 1694 1090 1758 reprehendere
1108 1696 1137 1745 et
1155 1709 1321 1761 oppugnare

97 1773 213 1835 audent,
231 1788 351 1837 quorum
368 1776 500 1839 impietas
519 1776 605 1826 etiam
622 1775 686 1826 aliis
704 1778 798 1839 potest
815 1789 877 1826 esse
890 1778 1070 1826 nocumento.
1084 1775 1211 1839 Cumque
1223 1790 1274 1827 nos
1287 1777 1323 1829 de

97 1855 263 1907 Nobilitatis
282 1857 359 1908 Tuae
377 1856 519 1922 religione
537 1859 565 1908 et
583 1858 734 1921 prudentia
751 1858 792 1907 ita
808 1857 974 1921 sentiamus,
987 1859 1018 1908 ut
1035 1858 1070 1909 de
1087 1857 1229 1909 catholica
1246 1859 1323 1909 etin

95 1937 197 2000 primis
214 1938 373 1990 excellente
391 1938 512 1989 muliere
530 1938 711 1990 sentiendum
729 1941 781 1995 est,
800 1952 884 2001 quam
902 1940 957 2004 ipsi
974 1940 1145 2002 scimusque
1159 1940 1276 2004 ingenio
1294 1943 1324 1991 et

96 2021 203 2080 quanta
219 2019 326 2083 polleat
343 2021 459 2084 virtute,
479 2023 572 2072 tecum
591 2021 801 2072 communicare
819 2034 882 2072 eam
900 2034 996 2072 curam
1014 2020 1164 2079 voluimus,
1185 2033 1259 2085 quae
1271 2035 1322 2072 nos

95 2113 148 2162 pro
166 2103 264 2151 nostro
283 2102 419 2166 pastorali
438 2102 531 2153 officio
549 2103 734 2154 vehementer
752 2103 866 2167 premit.
886 2103 1030 2154 Habemus
1048 2103 1123 2154 enim
1141 2103 1207 2153 ante
1225 2101 1323 2153 oculos

95 2183 209 2255 nostros
230 2185 418 2247 propositum,
440 2185 508 2247 quid
529 2198 545 2235 a
566 2186 647 2235 nobis
669 2185 795 2249 postulet
814 2187 844 2236 et
864 2185 993 2248 requirat
1013 2185 1075 2248 ipse
1096 2185 1182 2241 Deus,
1204 2184 1250 2235 cui
1271 2183 1326 2235 soli

94 2276 216 2328 regnum
237 2266 395 2316 animarum
416 2267 575 2317 subiectum
596 2267 649 2327 est,
672 2267 774 2330 quibus
796 2265 876 2318 nulla
896 2267 941 2318 est
960 2266 1120 2330 preciosior
1136 2279 1190 2317 nec
1207 2266 1324 2317 maioris

94 2346 271 2397 aestimanda
293 2348 445 2411 possessio,
469 2348 553 2399 huius
578 2350 661 2415 regni
684 2349 795 2400 tutandi
819 2362 852 2399 ac
877 2347 1058 2400 defendendi.
1080 2347 1220 2398 Laborem
1241 2347 1323 2398 nobis

95 2426 189 2487 huius,
212 2441 296 2491 quem
314 2430 454 2494 gerimus,
464 2429 581 2481 honoris
594 2431 704 2495 pondus
717 2431 813 2487 iniert.
832 2443 887 2493 quo
906 2430 982 2480 vices
1000 2427 1105 2478 Christi
1122 2428 1267 2493 gerentes,
1286 2429 1322 2478 dc

94 2508 187 2560 salute
207 2511 365 2561 animarum
386 2510 501 2562 solliciti
522 2526 585 2564 esse
607 2512 750 2566 debemus.
773 2513 833 2564 Nec
853 2512 986 2563 desumus
1009 2510 1104 2560 officio
1127 2524 1183 2573 qua
1206 2511 1321 2561 nostrae

93 2591 241 2655 pertinent
262 2591 428 2657 laenitates3
452 2607 517 2644 nam
541 2597 571 2644 et
594 2593 714 2644 consilio
744 2595 773 2645 et
801 2593 965 2644 hortatione
994 2594 1024 2643 et
1051 2605 1119 2642 cura
1148 2595 1177 2642 et
1204 2592 1321 2642 monitis

87 2669 256 2722 'errantibus
274 2673 470 2736 subvenimus3
490 2675 514 2723 si
533 2674 581 2736 qui
599 2687 666 2726 vero
685 2678 751 2725 sunt
768 2675 984 2740 pertinaciores,
998 2674 1047 2723 aut
1064 2673 1088 2721 si
1107 2686 1227 2734 quorum
1239 2674 1320 2723 turer

92 2751 247 2805 salutarem
269 2755 438 2806 medicinam
458 2757 581 2819 pastoris
602 2757 646 2806 sui
668 2770 723 2806 non
744 2758 855 2821 recipit,
878 2756 959 2806 uobis
981 2757 1025 2805 est
1045 2754 1080 2804 ad
1098 2756 1321 2818 principatuset

92 2837 249 2898 potestates
272 2838 494 2901 confugiendum
516 2841 665 2888 eteorum
688 2838 867 2902 providentia
887 2838 923 2887 ad
943 2836 1081 2888 auxilium
1101 2836 1267 2894 invocanda,
1289 2839 1320 2887 ut

92 2930 193 2968 eorum
205 2919 374 2969 auctoritate
387 2920 416 2970 et
428 2920 505 2969 metu
518 2921 566 2981 qui
579 2919 649 2969 alias
662 2918 813 2984 negligunt
825 2919 860 2970 ad
872 2920 1023 2970 sanitatem
1035 2920 1219 2970 reducantur.

126 2998 188 3050 Hoc
212 3014 263 3050 nes
284 3000 403 3051 consilio
424 3001 596 3063 requirimus
618 2999 804 3051 Nobilitatem
825 3000 914 3050 Tuam
935 3002 1053 3063 paterne
1074 3003 1158 3063 atque
1180 3001 1318 3057 amanter,

93 3083 126 3131 ut
143 3081 242 3132 adesse
260 3082 341 3132 nobis
359 3083 394 3133 ad
413 3083 563 3132 iuvandam
581 3095 642 3132 rem
660 3082 713 3132 Dei
726 3084 755 3132 et
767 3083 852 3132 fldem
865 3080 971 3131 Christi
982 3080 1192 3131 immaculatam
1204 3093 1318 3130 conser-

92 3162 213 3213 vandam
233 3164 311 3213 terre
332 3176 415 3227 opem
439 3161 516 3218 velit,
542 3165 571 3212 iu
592 3165 634 3213 eis
654 3162 724 3213 locis
744 3163 914 3225 pracsertim
933 3162 963 3211 in
986 3163 1087 3224 quibus
1108 3163 1139 3212 tu
1157 3162 1186 3211 et
1203 3160 1319 3210 iubendi

93 3245 123 3294 et
151 3245 265 3295 vetandi
288 3245 400 3295 obtines
423 3246 601 3308 potestatem.
626 3231 667 3294 Ac
690 3246 818 3294 novimus
841 3244 956 3306 quidem
981 3243 1051 3293 haec
1073 3241 1149 3293 mala
1175 3242 1239 3305 ipsa
1266 3241 1319 3291 tibi

91 3324 258 3389 displicere3
272 3325 321 3376 sed
339 3326 368 3375 in
387 3328 465 3376 tanta
482 3327 586 3376 virtute
599 3327 629 3375 et
642 3327 720 3376 tanta
731 3327 871 3388 potestate
885 3328 941 3393 tua,
957 3339 1011 3375 non
1024 3323 1117 3374 solum
1130 3322 1320 3389 egreierenda

90 3408 158 3457 sunt
180 3420 252 3470 quae
276 3407 411 3459 adversus
433 3410 558 3458 veterem
576 3420 685 3459 morem
706 3408 820 3457 sanctae
843 3405 989 3457 Ecclesiae
1009 3406 1156 3457 tentantur
1176 3407 1205 3456 et
1225 3405 1318 3468 proie-

88 3492 203 3548 runtur,
228 3503 326 3541 verum
349 3491 435 3542 etiam
458 3490 533 3539 iusta
556 3490 707 3540 severitate
728 3489 906 3539 vindicanda.
935 3488 1042 3539 iccirco
1072 3488 1148 3538 enim
1176 3484 1318 3536 Nobilitas

92 3571 154 3622 Tua
169 3572 316 3635 praelecta
334 3585 351 3622 a
367 3572 427 3622 Deo
449 3573 492 3622 est
511 3570 568 3621 illis
586 3570 708 3634 populis,
727 3571 805 3620 utin
824 3569 987 3621 obedientia
1003 3583 1053 3621 eos
1069 3568 1194 3620 retineat
1214 3569 1244 3618 et
1265 3566 1318 3618 Dei

91 3654 293 3704 etmalorum.
318 3654 418 3717 Neque
442 3666 508 3703 vero
534 3657 563 3702 tu
587 3653 652 3716 post
674 3651 756 3702 illum
786 3653 871 3709 diem
895 3652 944 3713 qui
967 3652 1112 3703 extremus
1135 3651 1252 3714 paratus
1274 3651 1320 3700 est

91 3734 232 3794 omnibus,
254 3735 404 3797 quicquam
425 3736 502 3785 terre
523 3734 630 3798 poteris
652 3747 687 3784 ex
712 3733 799 3784 tantis
824 3731 935 3797 opibus,
960 3732 1062 3795 quibus
1088 3731 1220 3796 praedita
1244 3743 1318 3780 nune

90 3828 133 3874 es,
152 3818 217 3867 ante
236 3815 360 3867 tribunal
378 3817 480 3866 summi
498 3817 561 3872 Dei,
582 3817 656 3877 quod
675 3815 766 3879 magis
783 3815 836 3864 tibi
853 3813 1012 3878 patrocinio
1031 3814 1060 3864 et
1078 3812 1240 3864 adiumento
1253 3824 1318 3863 esse

90 3899 181 3962 possit
200 3899 236 3948 ad
255 3898 446 3949 immortalem
468 3898 580 3949 beatam
601 3898 688 3947 vitam
710 3896 949 3959 consequendam,
974 3907 1058 3958 quam
1082 3907 1179 3945 curam
1201 3896 1231 3945 et
1253 3891 1317 3943 dili-

90 3980 217 4043 gentiam
242 3980 398 4030 adhibitam
421 3981 497 4030 intor
522 3983 593 4034 tuos,
620 3981 650 4029 ut
674 3979 832 4028 animarum
855 3976 941 4036 salus,
966 3989 1086 4039 quarum
1109 3976 1232 4026 maxime
1256 3976 1316 4025 Deo

90 4074 160 4111 cura
176 4064 229 4122 est,
248 4062 384 4112 inviolata
401 4062 603 4111 custodiretur.
623 4060 685 4110 Hoc
698 4062 741 4111 est
752 4060 901 4123 proprium
918 4058 1032 4108 virtutis
1045 4058 1120 4117 tuae,
1134 4056 1188 4107 hoe
1201 4057 1317 4121 pietatis

89 4145 120 4191 et
142 4141 302 4208 religionis,
326 4156 410 4206 quam
431 4156 544 4207 semper
565 4156 635 4207 erga
657 4143 749 4192 Deum
769 4142 911 4205 integram
933 4139 1113 4204 praestitisti,
1135 4140 1167 4189 ut
1187 4139 1318 4189 etvetus

88 4224 155 4274 tuae
174 4223 267 4275 laudis
285 4225 381 4288 opinio
401 4226 475 4289 apud
494 4238 592 4275 omnes
611 4224 740 4274 homines
758 4222 944 4274 confirmetur
961 4223 991 4273 et
1008 4234 1073 4287 spes
1091 4221 1192 4271 beatae
1204 4221 1318 4270 immor·

90 4303 210 4356 talitatis
225 4305 278 4356 tibi
292 4306 366 4369 apud
379 4307 469 4356 Deum
483 4307 520 4356 sit
532 4305 719 4370 exploratior.

122 4387 181 4437 Nos
200 4387 253 4439 hae
272 4389 373 4438 eadem
392 4389 426 4438 de
443 4401 474 4438 re
493 4389 528 4437 ad
548 4387 684 4439 dilectum
701 4387 793 4438 illium
811 4389 940 4438 nestrum
957 4384 1118 4438 Erhardum
1131 4382 1208 4435 tituli
1221 4383 1317 4435 Sancti

89 4468 240 4535 crisogoni
264 4470 466 4534 presbyterum
489 4470 664 4523 cardinalem
684 4470 871 4522 Leodiensem
896 4469 1056 4534 scribimus,
1080 4466 1263 4532 iniungentes
1286 4465 1318 4515 ut
