3224 5400
632 503 735 555 ANNO
754 501 817 553 1527
1288 498 1338 551 299

145 671 185 722 At
201 669 271 721 haec
288 669 398 737 legens,
422 668 533 720 dubitas
553 669 674 720 tortasse
692 667 872 731 haesitasque
891 679 1012 730 quanam
1035 667 1065 717 10
1087 679 1119 718 00
1138 666 1197 718 Deo
1212 665 1335 719 maxime

106 755 143 806 te
160 754 274 819 gratum
296 753 446 805 ostendere
471 752 571 816 possis,
602 765 665 802 cum
685 765 757 802 unus
781 751 844 812 hoc,
871 750 945 802 alter
963 749 1044 814 illud,
1061 749 1162 801 tertius
1186 747 1263 800 aliud
1283 749 1335 800 tibi

107 835 274 888 iaciendum
282 836 407 886 suadeat.
418 835 461 886 Ne
471 821 580 892 audias,
589 847 703 898 quaeso,
712 832 904 884 illustrissime
916 833 1058 898 princeps,
1072 833 1195 885 humana
1206 831 1333 890 consilia,

111 932 189 983 quae
212 935 228 973 e
253 919 341 972 sacris
369 917 460 968 literis
487 931 542 967 000
571 917 797 981 proficiscuntur,
831 917 880 967 scd
905 916 971 966 audi
994 918 1059 967 ente
1083 920 1178 970 omnia
1200 917 1334 983 Spiritum

110 1001 259 1064 Sanctum,
276 1015 328 1067 per
347 1016 379 1052 os
394 1001 465 1066 reglj
488 999 644 1063 prophetae
661 999 751 1049 David
770 1000 909 1050 dicentem
929 1011 936 1047 τ
955 1000 1122 1051 “Nuuciabo
1136 1013 1237 1052 nomen
1256 1000 1334 1049 tuum

111 1086 253 1138 tratribus
267 1085 348 1143 meis,
367 1085 396 1134 10
410 1083 504 1133 medio
517 1081 653 1133 ecclesiae
671 1081 792 1132 laudabo
810 1084 851 1145 10;
866 1109 878 1136 „
897 1082 926 1131 et
938 1094 1036 1132 rursus
1050 1097 1057 1133 :
1071 1103 1084 1124 u
1097 1083 1211 1135 Docebo
1223 1083 1334 1144 iniquos

110 1169 175 1219 rias
184 1169 247 1220 tuas
258 1170 288 1220 01
303 1167 382 1231 impij
396 1167 432 1217 ad
444 1167 471 1217 10
489 1166 698 1215 convertentur.
715 1187 727 1207 n
740 1164 768 1214 Si
781 1165 823 1214 vis
842 1165 901 1215 Deo
914 1165 1012 1228 gratus
1029 1165 1160 1226 inveniri,
1181 1164 1335 1230 diligenter

110 1253 234 1316 000001
246 1264 347 1301 nomen
361 1249 414 1300 Dei
427 1248 521 1299 Patris
539 1250 568 1299 et
586 1247 698 1298 Domini
711 1247 802 1297 nostri
817 1247 886 1297 lesu
907 1246 1011 1297 Christi
1024 1245 1121 1306 solius,
1134 1246 1335 1312 praeterquod

111 1348 171 1385 non
184 1335 227 1386 est
239 1332 317 1384 aliud
329 1345 430 1382 nomen
444 1331 494 1380 sub
513 1329 591 1380 caelo
607 1330 703 1380 datum
721 1328 891 1387 hominibus,
911 1329 940 1379 in
961 1342 1015 1391 quo
1034 1331 1164 1393 oporteat
1175 1343 1226 1380 nos
1243 1327 1334 1379 salvos

112 1417 189 1478 fleri,
199 1417 228 1466 in
241 1416 349 1466 ditione
357 1415 407 1464 100
415 1414 603 1464 annuncietur
615 1415 701 1475 utque
711 1413 772 1462 viae
785 1412 899 1462 Domini
909 1412 1070 1463 doceantur.
1081 1411 1161 1470 Quod
1170 1415 1229 1463 tum
1238 1410 1335 1463 rectis-

113 1499 187 1550 sime
199 1499 257 1558 flet,
268 1499 293 1548 si
306 1496 425 1562 singulis
437 1496 527 1561 pagis,
539 1497 588 1546 aut
599 1495 739 1546 electione
752 1496 800 1544 aut
812 1494 1025 1551 constitutione,
1036 1495 1162 1545 seniores
1175 1495 1204 1545 et
1212 1492 1335 1544 ministri

110 1579 381 1646 praeficiantur,qui
392 1592 486 1629 sacras
498 1578 596 1629 literas
607 1577 768 1640 Christique
779 1575 966 1642 Evangelium
977 1577 1176 1642 syncerissime
1188 1575 1336 1641 simplicis·

111 1663 241 1727 simeque
257 1661 430 1727 praedicent,
448 1661 496 1723 qui
509 1674 564 1710 non
576 1661 672 1720 iastui,
687 1674 742 1709 non
756 1659 894 1723 quaestui,
910 1662 941 1709 ut
957 1659 1102 1719 hactenus,
1112 1660 1162 1710 sed
1174 1659 1334 1710 auditorum

112 1744 200 1796 saluti
210 1744 368 1802 consulere,
379 1744 432 1794 Dci
442 1743 543 1809 gratia,
554 1744 583 1792 et
592 1741 680 1792 velint
689 1743 718 1792 et
728 1742 847 1805 possint.
855 1743 926 1797 Duo,
936 1740 1126 1792 illustrissime
1137 1742 1203 1804 dux,
1213 1741 1334 1793 maxime
1423 1761 1425 1765 ·

112 1828 182 1880 suut
198 1827 279 1877 nobis
297 1825 463 1877 adsalutem
482 1825 662 1876 neccssaria:
682 1823 796 1874 dilectio
814 1824 866 1874 Dei
879 1826 908 1874 et
926 1823 1049 1875 charitas
1066 1837 1136 1890 erga
1155 1824 1333 1888 proximum3

111 1923 187 1974 quae
199 1923 234 1960 ex
246 1909 308 1960 sola
319 1909 375 1960 ilde
387 1908 614 1970 proficiscuntur,
627 1907 656 1956 in
666 1908 767 1969 quibus
777 1907 863 1956 etiam
875 1907 935 1956 1010
945 1905 991 1957 lex
1004 1907 1117 1970 pendet,
1131 1908 1160 1958 et
1168 1905 1335 1972 prophetae.

111 1992 260 2054 Quomodo
273 1993 349 2042 Deus
361 1990 532 2057 diligendus,
545 2003 627 2040 nemo
637 1989 691 2039 hoc
704 1989 816 2039 mortali
835 2002 956 2052 corpore
969 1989 1160 2050 circundatus,
1172 1989 1228 2039 rite
1244 1987 1336 2052 expli·

111 2076 233 2137 carerit3
245 2074 385 2137 quomodo
397 2086 464 2124 vcro
477 2071 601 2122 ebaritas
613 2085 682 2136 erga
695 2072 856 2135 proximum
877 2071 1036 2122 exercenda
1047 2072 1094 2129 sit,
1111 2070 1295 2122 multifariam
1307 2071 1336 2121 10

111 2158 203 2210 000010
216 2160 245 2208 et
256 2157 407 2224 praecipue
430 2154 601 2220 evangelicis
626 2154 717 2206 literis
742 2152 912 2218 explicatum
929 2155 985 2216 est;
1005 2167 1153 2216 quassum
1172 2154 1338 2219 ignorantes

111 2240 264 2301 docendas,
278 2240 310 2289 01
320 2238 452 2300 diximus,
463 2237 617 2295 curaveris,
631 2237 693 2300 quis
706 2237 825 2295 dubitat,
849 2234 1092 2303 clementiss[ime]
1109 2237 1250 2301 princeps,
1269 2236 1337 2300 0010

112 2322 250 2386 optimum
273 2320 522 2386 gratissimumque
544 2321 603 2371 Deo
629 2333 699 2383 opus
729 2319 906 2383 perfecerisl
932 2318 1042 2369 Abeant
1061 2318 1174 2370 fallacia
1190 2318 1336 2370 bominum

112 2404 300 2470 superborum
314 2415 518 2465 avarorumque
530 2403 697 2453 commenta.
712 2402 764 2457 Tu,
787 2400 1002 2467 illustriss[ime]
1015 2401 1157 2465 princeps,
1171 2399 1239 2451 solis
1249 2400 1336 2451 sacris

111 2486 206 2537 literis
224 2485 387 2540 adhaereas,
414 2499 485 2549 0000
504 2499 615 2536 omnem
634 2485 778 2535 hominem
801 2484 943 2534 instruere
960 2486 1087 2547 possunt,
1109 2487 1140 2535 ut
1160 2484 1271 2534 divinus
1286 2483 1335 2536 ille

111 2568 220 2621 Paulus
232 2569 333 2631 iuquit:
348 2589 359 2607 a
373 2568 414 2619 :ld
431 2566 559 2625 salutem,
573 2581 624 2632 per
634 2568 728 2627 fldem,
741 2582 813 2630 quac
837 2571 880 2620 est
895 2570 924 2619 10
939 2568 1050 2620 Christo
1067 2566 1147 2619 Jesu.
1159 2591 1171 2611 n
1193 2567 1335 2619 Doceatur

111 2649 300 2716 Evangelium
312 2663 367 2700 000
376 2649 461 2699 111000
470 2650 589 2706 tantum,
600 2649 648 2700 sed
658 2649 746 2700 multo
758 2651 844 2713 magis
856 2650 986 2710 amabile,
995 2650 1106 2713 spiritu,
1119 2663 1172 2714 per
1181 2649 1234 2700 hoc
1245 2649 1335 2701 enims
1407 2717 1408 2720 Ἴ

111 2732 203 2786 Ρο010
214 2735 296 2789 10010,
308 2731 457 2782 salvamur.
470 2731 571 2781 Sacrae
581 2731 682 2782 literae
693 2733 733 2793 (ut
742 2732 796 2782 hoc
806 2733 902 2791 etiam,
910 2734 985 2783 lortc
994 2733 1088 2782 tamen
1099 2731 1332 2796 intempestirius,

111 2816 214 2879 dicam)
235 2829 291 2865 non
306 2813 373 2864 solis
387 2814 476 2863 nostri
490 2814 624 2877 temporis
644 2816 673 2864 01
692 2815 792 2864 scribis
810 2817 838 2865 et
856 2813 1020 2880 pharisaeis,
1033 2814 1083 2864 scd
1102 2816 1231 2867 omnibus
1247 2815 1335 2866 bomi-

111 2897 196 2949 nibus
208 2897 330 2961 scriptae
343 2898 417 2958 0001,
431 2897 464 2946 ab
478 2895 627 2962 omnib[us]
638 2897 748 2947 interea
757 2897 814 2963 legi
828 2898 976 2960 audirique
986 2897 1098 2948 debent.
1112 2899 1248 2950 Dominus
1258 2899 1334 2949 Deus

109 2980 236 3032 mirabili
249 2981 277 3031 et
297 2979 408 3029 occulta
419 2992 470 3028 sua
486 2979 671 3042 inspiratione
690 2980 802 3030 docebit
824 2981 909 3031 ctiam
922 2978 1155 3045 simplicissimos,
1169 2994 1238 3044 0000
1256 2980 1335 3030 10010

108 3065 187 3115 tastu
199 3063 279 3114 rabbi
292 3063 382 3112 nostri
395 3062 553 3126 despiciunt
566 3063 594 3112 et
605 3064 798 3112 contemnunt.
808 3064 907 3126 Neque
920 3064 995 3114 enim
1008 3063 1170 3113 abbreviata
1181 3063 1225 3112 est
1236 3074 1334 3111 manus

111 3146 237 3197 Domini.
259 3145 357 3195 Potuit
374 3158 409 3196 ex
429 3145 515 3195 Petro
534 3144 699 3206 01100000,
721 3144 883 3195 hominibus
902 3147 962 3196 sine
984 3146 1075 3197 literis
1096 3147 1124 3196 01
1142 3144 1247 3204 101101101
1261 3141 1334 3208 legis

111 3228 292 3279 doctissimos
304 3228 398 3278 subito
410 3229 514 3278 iacere.

146 3309 266 3361 0000000
285 3312 315 3361 01
340 3325 391 3360 000
419 3322 490 3373 puro
508 3310 593 3359 corde
618 3311 647 3359 et
665 3310 719 3360 tide
738 3324 794 3360 non
822 3310 897 3375 licta,
916 3311 1017 3362 nonin
1038 3307 1227 3370 multiloquio,
1241 3308 1291 3359 sed
1303 3308 1335 3359 ut

111 3391 242 3443 Christus
257 3393 370 3443 docuit:
384 3390 481 3456 procul
494 3391 589 3450 dubio,
602 3392 696 3442 divina
708 3392 820 3442 bonitas
835 3396 864 3444 01
875 3393 1026 3444 clementia
1045 3391 1121 3441 illico
1134 3391 1215 3442 nobis
1232 3392 1333 3450 aderit,

111 3475 163 3539 qui
179 3476 256 3526 enim
276 3489 327 3539 per
350 3473 518 3538 prophetam
536 3473 710 3525 Hieremiam
733 3475 823 3526 dixit:
845 3496 856 3522 ‹
875 3475 954 3525 Dabo
968 3475 1047 3539 leges
1066 3488 1144 3526 meas
1164 3474 1193 3524 10
1211 3475 1333 3526 mentem

110 3571 222 3619 eorum,
240 3559 269 3609 01
293 3558 321 3607 10
340 3556 425 3607 00010
450 3569 548 3606 eorum
569 3557 778 3619 superscribam
802 3571 864 3609 eas:
893 3558 922 3607 01
940 3570 989 3606 000
1010 3557 1051 3607 010
1071 3556 1099 3605 10
1118 3556 1208 3608 Deum
1230 3557 1258 3608 et
1281 3556 1335 3621 ipsi

110 3642 197 3694 erunt
217 3640 286 3690 mihi
310 3640 339 3690 10
361 3637 507 3703 populum,
535 3640 563 3690 et
587 3652 642 3687 000
671 3640 785 3690 docebit
809 3639 1000 3701 unusquisque
1024 3640 1182 3702 proximum
1206 3653 1288 3689 suum
1308 3641 1337 3689 01

111 3723 305 3786 00000010000
317 3723 435 3772 tratrem
450 3734 541 3781 suum,
561 3721 675 3771 dicens:
700 3722 868 3787 “Cognosce
882 3721 1045 3782 Dominum,
1058 3722 1125 3784 quia
1136 3735 1234 3772 omnes
1246 3721 1336 3773 scient

109 3819 158 3857 me
178 3819 194 3855 a
213 3807 323 3856 minore
344 3818 432 3868 usque
455 3804 489 3854 ad
508 3804 643 3854 maiorem
662 3817 797 3863 eorum„
819 3805 920 3867 potens
942 3806 985 3855 est
1001 3805 1158 3870 praestare,
1175 3805 1232 3854 imo
1252 3817 1334 3869 prac-

109 3888 176 3946 stat,
187 3888 262 3949 quod
273 3885 416 3950 pollicitus
430 3888 482 3942 est,
492 3886 575 3936 modo
588 3886 682 3936 verbis
693 3887 763 3945 eius,
774 3899 825 3949 per
837 3887 922 3938 fldem
935 3886 1072 3938 inlesum
1085 3886 1227 3937 Christum
1239 3887 1334 3938 creda,

110 3983 184 4021 mus.
199 3968 426 4033 Interpretcutur
443 3968 513 4019 haec
531 3969 660 4033 magistri
671 3969 761 4019 nostri
771 3970 801 4019 ut
811 3969 906 4031 velint,
918 3983 1060 4031 nunquam
1071 3969 1161 4019 Deum
1171 3970 1334 4021 mendacem

109 4053 207 4104 lacere
224 4052 368 4115 poterunt.
384 4051 509 4103 Verbum
526 4053 601 4102 enim
621 4053 736 4102 Domini
755 4054 850 4103 manet
868 4053 897 4101 10
917 4054 1072 4103 aeternum.
1093 4051 1183 4113 Quod,
1201 4054 1233 4103 01
1249 4054 1278 4102 01
1294 4052 1334 4113 11,

110 4135 187 4200 quod
199 4135 351 4198 caepimus,
365 4136 550 4198 revertamur,
568 4135 592 4184 si
609 4135 671 4186 sine
689 4136 764 4191 luco,
783 4135 844 4186 sine
864 4134 1003 4185 humanae
1022 4133 1218 4198 philosophiae
1230 4134 1333 4197 studio,

108 4219 183 4270 citra
194 4217 395 4269 sublimitatem
404 4217 732 4281 blandiloquentiamquo
744 4218 895 4274 sermonis,
906 4219 1020 4282 praeter
1032 4230 1111 4281 spem
1121 4216 1212 4267 inanis
1225 4215 1333 4280 gloriae

108 4301 316 4364 commodique,
345 4313 428 4363 quam
443 4298 668 4366 simpliciss[imel
694 4300 888 4363 praedicatum
905 4300 1004 4355 luerit,
1026 4313 1123 4350 omnes
1144 4298 1333 4361 quaestiones,

108 4382 316 4441 conclusiones,
329 4396 443 4448 pugnae
462 4383 622 4439 verborum,
641 4383 838 4434 contentiones
856 4383 951 4433 statim
971 4381 1128 4443 cessabunt,
1147 4380 1335 4442 haeresesque

108 4478 218 4524 omnes,
235 4465 263 4515 in
281 4465 461 4531 ignorantiae
480 4464 563 4529 huJus
581 4464 666 4514 Verbi
687 4465 813 4516 tenebris
831 4465 985 4524 1011100100,
1005 4465 1034 4515 10
1053 4464 1144 4515 lucem
1161 4462 1336 4514 deducentur

105 4551 136 4602 et
150 4553 327 4602 evanescent.
342 4547 493 4600 Falluutur
508 4547 658 4600 admodum
670 4548 801 4600 doctores
817 4551 846 4600 et
862 4548 1006 4613 principes
1025 4547 1125 4612 nostri,
1139 4546 1187 4610 qui
1202 4545 1334 4609 haerese,
