3224 5400
591 485 695 538 ANNO
713 484 778 537 1526
1258 484 1306 538 129

74 646 224 700 biliarent.
240 647 313 700 Item
326 649 356 700 et
372 661 459 711 quum
470 648 697 712 prememoratus
708 648 832 700 vicarius
850 649 886 700 ad
902 648 1072 714 premissam
1090 649 1306 714 responsionem

72 728 243 794 replicando
255 730 375 781 dixisset
386 731 415 781 et
433 728 587 794 allegasset
605 730 673 781 dicti
685 730 817 794 magistri
831 730 972 782 Johannis
984 731 1145 794 captionem
1161 731 1192 782 11
1207 732 1306 797 impri-

73 811 267 864 sionationem
288 811 377 862 fuisse
389 824 441 874 per
453 811 543 862 dictos
559 811 713 862 officiarios
733 812 838 862 factam
855 825 907 875 pro
929 825 973 871 eo,
992 814 1067 875 quod
1079 813 1134 878 ipsi
1146 813 1254 865 domini
1270 814 1307 866 dc

72 892 211 956 capitulo,
232 895 333 943 contra
350 891 571 956 appellationem
589 907 640 956 pro
658 894 740 956 parte
761 893 881 944 antefati
901 893 1008 944 domini
1026 894 1152 959 episcopi
1173 908 1190 947 a
1206 895 1307 960 primis

72 974 289 1038 gravaminibus
308 974 364 1024 sibi
381 986 433 1037 per
445 973 560 1024 eosdem
578 974 612 1024 de
633 973 758 1037 capitulo
779 973 867 1025 illatis
887 975 1069 1038 interJectam
1085 990 1117 1026 ac
1137 977 1306 1040 promissam

73 1056 363 1106 communicationem
375 1056 542 1119 pretactam,
556 1056 758 1118 attemptantes
774 1056 905 1107 eumdem
917 1057 1086 1121 magistrum
1098 1057 1259 1108 iohannem
1272 1057 1307 1107 de

74 1138 106 1187 et
122 1150 210 1201 snper
222 1136 309 1187 simili
321 1137 441 1187 crimine
461 1135 572 1187 heresis
593 1136 768 1187 diffamatum
781 1151 876 1188 coram
897 1139 939 1188 eis
952 1151 1071 1189 evocare
1092 1140 1121 1190 et
1141 1139 1306 1189 examinare

73 1220 127 1269 aut
144 1217 215 1269 alias
227 1220 262 1270 de
273 1219 392 1270 crimine
410 1218 539 1282 predicto
557 1231 733 1283 cognoscere
749 1221 983 1282 presumpserant
1000 1221 1039 1279 et,
1054 1233 1090 1271 ne
1111 1234 1146 1271 ex
1157 1219 1305 1283 premissis

73 1300 198 1350 nimium
217 1301 342 1351 antefato
361 1300 475 1349 domino
494 1300 628 1364 episcopo
645 1300 742 1363 eiusne
759 1300 953 1363 jurisdictioni
971 1302 1096 1351 oriretur
1114 1301 1304 1364 dispendium,

72 1382 127 1432 sed
139 1383 172 1432 ut
182 1381 227 1432 vie
239 1382 307 1433 facti
318 1394 370 1446 per
381 1381 511 1431 dominos
529 1381 564 1432 de
576 1379 701 1444 capitulo
720 1381 874 1445 cunjnncte
892 1382 1084 1442 resisteretur,
1098 1381 1305 1446 obtulissetque

72 1461 278 1513 nichilominus
296 1463 387 1513 dictus
405 1462 536 1512 dominus
550 1462 673 1512 vicarius
690 1462 813 1525 predicti
830 1463 962 1528 magistri
981 1462 1120 1515 iohannis
1137 1462 1306 1528 Carpeutier

72 1541 278 1608 elargitionem
297 1544 393 1595 facere
412 1555 464 1594 seu
482 1543 546 1594 1111
566 1556 733 1606 procurare,
752 1543 777 1594 si
796 1545 825 1595 et
837 1544 904 1595 dum
920 1545 982 1608 ipse
1001 1546 1139 1610 magister
1157 1544 1305 1596 «lohannes

71 1624 238 1677 saumonem
257 1625 401 1689 prestaret
415 1625 473 1675 tam
491 1638 588 1675 coram
608 1626 720 1689 prefato
734 1626 849 1676 domino
867 1627 1001 1691 episcopo
1019 1625 1063 1677 vel
1081 1627 1144 1690 ejus
1159 1626 1305 1676 officiariis

70 1719 160 1769 quam
177 1707 252 1770 apud
269 1707 360 1757 dictos
377 1705 567 1771 capitulantes
585 1706 620 1757 de
640 1707 735 1757 flendo
746 1707 812 1771 J'ure
830 1721 926 1758 coram
943 1707 994 1757 illo
1012 1721 1063 1758 seu
1080 1707 1148 1767 illis,
1171 1708 1220 1769 qui
1240 1709 1306 1771 post

69 1787 201 1838 debitam
213 1788 498 1838 communicationem
511 1802 561 1838 seu
579 1801 730 1851 processus
749 1789 836 1838 fiendi
848 1789 1021 1839 decisionem
1040 1788 1151 1851 judices
1168 1789 1213 1838 sui
1230 1801 1305 1838 com·
1380 1797 1384 1803 '

68 1848 240 1933 perirentur
249 1871 278 1920 11
289 1869 501 1927 ordinarentur,
512 1867 556 1920 vol
569 1869 683 1933 proviso
697 1869 783 1920 etiam
793 1870 878 1931 quod,
889 1869 995 1931 absque
1007 1868 1167 1933 preindicio
1180 1882 1304 1920 commu·

68 1950 225 2001 nicationis
251 1951 345 2002 flenda
373 1964 424 2002 seu
452 1951 605 2001 concordie
634 1950 843 2013 subsequenda,
873 1963 1024 2014 processus
1052 1950 1142 2013 ipsius
1169 1951 1303 2014 magistri

67 2030 214 2082 «Iohannis
225 2044 278 2096 per
289 2032 443 2083 officiarios
455 2033 582 2096 episcopi
595 2034 625 2082 et
636 2032 780 2096 predictos
801 2032 928 2082 dominos
941 2032 976 2082 de
988 2030 1112 2096 capitulo
1129 2032 1303 2094 conjunctim

69 2114 102 2165 et
112 2114 258 2165 communi
269 2127 355 2165 manu
367 2128 419 2178 pro
432 2112 486 2164 hac
502 2114 564 2164 vice
575 2113 659 2163 fleret
670 2114 700 2164 et
713 2115 925 2165 terminaretur.

104 2195 167 2260 Ipsi
179 2196 286 2247 domini
299 2195 499 2260 capitulantes,
513 2196 578 2259 post
593 2195 760 2246 reiteratam
778 2195 1014 2246 deliberationem
1028 2196 1104 2246 inter
1116 2209 1146 2247 se
1159 2195 1263 2245 factam
1275 2195 1305 2245 et

69 2277 211 2336 habitam,
224 2278 317 2329 denuo
330 2277 542 2341 responderunt
558 2279 587 2328 11
604 2277 633 2326 in
646 2276 701 2326 hoc
712 2277 911 2340 perstiterunt,
932 2277 1007 2340 quod
1020 2278 1074 2340 ipsi
1090 2276 1224 2328 volebant
1240 2289 1304 2340 pre·

68 2359 195 2425 petitam
206 2358 407 2424 elargitionem
420 2359 485 2410 fleri
496 2359 602 2421 absque
621 2357 716 2421 aliqua
733 2358 865 2409 cautione
883 2371 935 2421 per
956 2360 1114 2421 sepefatum
1133 2359 1304 2423 magistrum

66 2441 235 2493 «Iohannem
253 2440 399 2491 officiariis
416 2440 544 2504 episcopi
564 2441 658 2491 flenda
676 2440 807 2502 quodque
822 2440 928 2503 absque
947 2439 1110 2503 hujusmodi
1130 2440 1302 2504 elargitione

67 2535 103 2574 ac
114 2522 245 2587 ipsorum
256 2522 291 2574 de
304 2520 428 2587 capitulo
441 2521 630 2586 possessionis
642 2520 852 2572 restabilitione
866 2535 922 2571 non
933 2521 1121 2572 intendebant
1133 2521 1167 2571 ab
1180 2521 1302 2584 inceptis

65 2617 123 2669 per
140 2617 191 2656 eos
207 2603 478 2668 prosequutionibus
491 2603 629 2654 desistere
647 2617 700 2654 nec
717 2616 765 2653 eas
777 2602 1015 2667 prosequutioues
1032 2602 1215 2666 suspendere.
1229 2601 1302 2660 Qua·

65 2685 192 2750 propter
201 2686 263 2751 ipse
276 2685 407 2737 dominus
423 2684 546 2736 vicarius
558 2685 642 2749 petiit
659 2699 676 2735 a
693 2684 784 2746 nobis,
798 2684 917 2735 notariis
935 2684 1113 2747 subscriptis,
1127 2683 1162 2734 de
1174 2684 1204 2735 et
1215 2695 1301 2745 super

67 2765 263 2818 oblationibus
276 2781 308 2818 ac
318 2766 450 2817 omnibus
462 2765 527 2817 aliis
544 2765 745 2831 suprascriptis
756 2764 902 2831 publicum
918 2766 1139 2816 instrumentum
1157 2777 1244 2815 unum
1255 2761 1300 2814 vel

65 2847 156 2914 plura
175 2848 241 2900 fleri
257 2851 343 2912 atque
361 2849 447 2900 tradi.

100 2930 177 2982 Acta
196 2930 313 2981 fuerunt
334 2929 387 2982 hec
409 2929 532 2981 Tornaci
554 2930 584 2980 in
603 2929 733 2994 predicto
756 2928 819 2980 loco
844 2927 1004 2993 capitulari,
1026 2942 1110 2984 anno,
1131 2925 1298 2985 indictione,

64 3024 179 3071 mense,
198 3011 244 3062 die
262 3013 292 3062 et
310 3011 477 3076 pontificatu
495 3012 706 3076 suprascriptis,
723 3011 904 3074 presentibus
924 3010 1030 3061 ibidem
1047 3007 1258 3060 venerabilibus
1271 3009 1300 3059 et

63 3093 198 3158 providis
209 3093 278 3142 viris
291 3093 405 3143 domino
420 3094 450 3144 et
461 3094 599 3158 magistro
613 3091 781 3144 Guilliermo
795 3092 935 3150 Bernard,
948 3091 1117 3155 presbytero
1135 3087 1298 3153 sigillifero,

64 3175 97 3226 et
107 3173 243 3226 Johanne
252 3173 405 3234 0011111111,
418 3175 583 3239 promotore
596 3175 671 3225 dicte
684 3175 763 3224 curie
776 3172 975 3230 Tornacensis,
986 3172 1107 3222 testibus
1117 3171 1152 3221 ad
1161 3170 1301 3234 premissa

63 3256 178 3308 vocatis
190 3255 355 3320 specialiter
367 3257 396 3306 et
407 3257 527 3320 rogatis.

100 3415 138 3466 nt
149 3416 218 3479 quia
229 3429 284 3480 ego
297 3415 467 3468 Laurentius
481 3417 515 3468 de
529 3417 735 3483 Thiedoghem,
749 3418 828 3468 curie
841 3416 1032 3467 'l’ornacensis
1044 3414 1175 3480 publicus
1191 3417 1301 3479 aposto

65 3497 126 3548 lica
146 3499 317 3549 auctoritate
329 3511 362 3549 ac
374 3499 545 3549 venerabilis
558 3500 637 3550 curie
650 3499 820 3563 episcopalis
833 3498 1023 3549 Tornacensis
1042 3498 1170 3548 notarius
1183 3499 1212 3547 et
1223 3497 1300 3559 ejus·

66 3581 136 3631 dem
153 3580 233 3630 curie
246 3579 340 3629 scriba
358 3579 478 3644 juratus,
493 3581 628 3645 predictis
641 3580 833 3632 oblationibus
845 3593 897 3642 per
913 3580 1142 3644 prenominatum
1155 3578 1300 3629 dominum

65 3661 304 3712 vicariumfactis
316 3674 349 3711 ac
370 3663 501 3711 omnibus
519 3662 583 3713 aliis
604 3665 633 3712 et
653 3662 775 3727 singulis
796 3662 997 3725 suprascriptis
1016 3674 1137 3711 unacum
1157 3660 1299 3724 prenomi-

67 3743 147 3794 natis
166 3739 289 3792 testibus
309 3755 429 3805 presens
449 3744 500 3803 fui,
525 3758 588 3794 cum
610 3745 770 3807 subscripto
792 3743 913 3803 notario,
936 3756 1026 3805 eaque
1047 3743 1088 3792 sic
1112 3743 1175 3793 fleri
1196 3742 1254 3791 vidi
1271 3741 1301 3792 et

68 3823 176 3887 audivi,
188 3823 299 3873 idcirco
311 3823 378 3873 huic
397 3825 526 3888 presenti
546 3825 736 3875 instrumento
759 3836 845 3889 super
856 3824 910 3874 hoc
922 3824 1062 3882 confecto,
1082 3836 1167 3873 manu
1180 3821 1299 3873 alterius

68 3904 196 3957 fideliter
208 3904 324 3968 scripto,
335 3904 449 3969 signum
460 3919 565 3962 meum,
575 3907 605 3956 in
618 3906 721 3957 talibus
734 3907 798 3957 fleri
810 3904 936 3966 solitum,
946 3918 1067 3956 unacum
1078 3899 1160 3969 signo
1173 3901 1298 3954 manuali

69 3986 160 4051 ipsius
171 3985 279 4047 notarii
291 3985 454 4050 subscripti,
468 3989 586 4052 apposui
598 3989 655 4046 hic,
668 4001 714 4040 me
725 3988 845 4052 propria
854 4001 940 4038 manu
951 3986 1158 4047 subscribente,
1170 3985 1201 4036 in
1213 3984 1299 4035 fidem

72 4069 99 4119 11
109 4067 306 4120 testimonium
322 4069 479 4123 eorundem
496 4071 700 4134 premissorum
711 4070 876 4133 requisitus.

102 4148 141 4201 Et
155 4162 211 4215 ego
223 4146 397 4201 Walrandus
412 4149 447 4202 de
459 4150 599 4209 Harduin,
614 4153 718 4203 artium
730 4152 877 4217 magister,
891 4151 981 4201 sacris
993 4148 1149 4214 apostolica
1165 4150 1195 4199 et
1210 4149 1299 4212 impe·

76 4229 137 4281 riali
147 4230 366 4282 auctoritatibus
376 4245 486 4283 necnon
497 4234 669 4284 venerabilis
689 4234 768 4285 curie
787 4232 956 4298 episcopalis
969 4231 1159 4283 Tornacensis
1172 4230 1299 4280 notarius

80 4324 108 4362 ae
117 4312 244 4376 eiusdem
256 4312 336 4363 curie
350 4314 561 4366 commissarius
579 4316 608 4366 et
625 4315 739 4366 auditor
750 4315 873 4379 iuratus,
886 4314 953 4377 quia
964 4313 1111 4377 premissis
1125 4311 1255 4362 omnibus
1271 4312 1301 4360 et

82 4392 203 4459 singulis,
226 4393 301 4445 sicut
320 4408 407 4459 supra
429 4397 603 4461 scribuntur,
629 4410 750 4448 unacum
776 4396 870 4448 scriba
895 4397 925 4447 et
948 4395 1068 4447 testibus
1093 4392 1300 4458 prenominatis

85 4486 190 4540 presens
206 4477 237 4530 11
253 4477 414 4542 personalis
436 4478 563 4540 interfui,
589 4491 678 4542 eaque
699 4479 740 4529 sic
759 4478 823 4530 1111
843 4478 911 4536 vidi.
930 4477 1000 4528 scivi
1018 4478 1048 4528 et
1067 4475 1171 4533 audivi,
1192 4473 1299 4525 idcirco
