3224 5400
677 463 929 527 AANHANGSEL

689 769 765 838 ‘151
795 761 911 853 (ΒΜ).

249 1002 353 1075 1521,
373 995 479 1081 April
497 1003 532 1073 5,
558 982 708 1062 Utrccbt.
733 996 963 1085 Askondiging
980 997 1039 1064 der
1051 998 1234 1086 panselijke
1250 997 1305 1065 bul
1319 1001 1405 1084 teger

200 1103 325 1171 Luther
350 1122 391 1169 en
426 1103 511 1190 zijne
542 1101 750 1188 aanhangers
778 1102 857 1168 door
886 1101 949 1168 den
978 1101 1225 1170 Utrechtscheu
1253 1100 1406 1186 hisschop,

197 1227 238 1293 op
255 1204 396 1273 verzoek
411 1225 473 1272 ran
490 1205 553 1272 den
571 1206 679 1291 legant
695 1205 870 1271 Aloander.

228 1373 402 1431 Retouina,
415 1374 469 1425 etc.
483 1372 630 1426 Universis
645 1374 675 1425 et
686 1371 807 1439 singulis
820 1373 1014 1435 ecclesiarum,
1027 1371 1229 1428 saecularium,
1243 1371 1409 1438 regularium

195 1470 228 1509 ac
243 1456 480 1508 monasteriorum
498 1454 624 1520 prelatis,
644 1454 803 1514 abbatibus.
822 1455 1004 1521 praepositis,
1023 1455 1149 1515 decanis,
1166 1455 1324 1520 prioribus.
1336 1467 1410 1520 guar

194 1540 295 1599 dianio,
307 1539 470 1591 custodibus
483 1542 511 1591 et
521 1539 660 1590 ministris
677 1552 919 1603 quorumcumque
934 1539 1066 1591 ordinum
1083 1539 1170 1591 etiam
1183 1539 1410 1593 mendicantium.

194 1636 303 1675 necnon
325 1623 439 1674 decanis
457 1623 561 1673 nostris
581 1620 724 1673 ruralibus
745 1636 778 1674 ac
797 1621 1016 1686 parochialibus,
1040 1621 1230 1675 ecclesiarum
1251 1621 1413 1685 rectoribus,

193 1705 331 1770 plebanis,
343 1703 544 1770 riceplebanis‚
556 1704 708 1763 canonicis,
722 1702 886 1768 capellanis,
907 1703 1054 1767 altaristis,
1067 1704 1250 1770 presbyteris
1262 1717 1297 1755 ac
1308 1702 1413 1756 clericis

194 1788 415 1853 quibuscumque
432 1787 609 1840 beneficiatis
626 1790 655 1838 et
671 1801 727 1837 non
748 1787 924 1838 beneficiatis
936 1799 988 1851 per
1005 1787 1142 1838 diocesim
1161 1787 1291 1839 nostram
1302 1785 1414 1839 ubilibet

196 1871 366 1929 constitutis,
385 1870 571 1933 omnibusque
589 1868 652 1921 aliis
674 1884 706 1920 ac
723 1868 855 1935 singulis.
868 1871 903 1920 ad
921 1883 991 1932 quos
1010 1871 1160 1935 presentes
1179 1870 1297 1921 nostrae
1308 1868 1414 1922 litterae

196 1952 386 2016 pervenerint,
411 1964 537 2014 quosque
566 1950 779 2015 infrascriptum
803 1950 896 2015 tangit
917 1949 1070 2015 negocium
1092 1962 1142 2000 seu
1170 1951 1292 2014 tangere
1315 1949 1414 2014 poterit

196 2031 408 2098 quomodolibet
418 2033 448 2083 in
460 2034 597 2090 futurum,
611 2032 730 2085 salutem
743 2035 772 2084 in
785 2033 906 2085 Domino
920 2033 949 2083 et
961 2032 1066 2084 nostris
1078 2031 1243 2083 huiusmodi
1254 2033 1315 2083 imo
1327 2031 1414 2085 verius

197 2114 359 2181 apostolicis
371 2116 491 2166 tirmiter
504 2115 619 2168 obedire
629 2116 779 2167 mandatis.

229 2198 321 2258 Quum
333 2199 527 2250 sanctissimus
539 2199 568 2248 in
582 2197 693 2249 Christo
709 2201 791 2263 pater
802 2199 832 2250 et
843 2198 974 2248 dominus
991 2200 1088 2249 noster
1099 2197 1231 2249 dominus
1243 2196 1315 2258 Leo,
1328 2196 1417 2248 divina

194 2282 373 2348 providentia
384 2296 457 2347 papa
469 2282 604 2343 decimus,
622 2294 675 2347 per
686 2280 836 2345 specialem
854 2282 992 2333 nuncium
1009 2284 1039 2333 et
1050 2282 1196 2333 oratorem
1213 2294 1266 2332 nos
1278 2280 1417 2333 monuerit

194 2366 224 2418 et
234 2366 408 2429 requisierit,
427 2367 566 2429 quatenus
584 2365 662 2415 vobis
680 2367 709 2416 et
720 2363 838 2416 cuilibet
855 2367 981 2416 vestrum
999 2362 1226 2430 publicationem
1243 2363 1417 2427 quarundam

194 2449 354 2501 litterarum
372 2447 591 2513 apostolicarum
610 2461 626 2498 a
641 2450 770 2513 praelato
788 2448 966 2499 sanctissimo
981 2448 1096 2499 domino
1114 2448 1213 2498 nostro
1225 2460 1304 2512 papa
1314 2446 1419 2499 Romoe

195 2528 269 2594 apud
279 2528 411 2581 Sanctum
421 2529 547 2586 Petrum,
555 2540 628 2579 anno
637 2527 841 2579 incarnationis
850 2527 1015 2579 Dominicae
1024 2525 1178 2578 millesimo
1188 2525 1418 2593 quingentesimo

195 2611 343 2679 vigesimo,
357 2612 586 2676 decimoseptimo
598 2609 730 2662 calendas
745 2609 827 2669 Julii,
841 2610 1021 2675 pontificatus
1033 2609 1078 2660 sui
1090 2622 1165 2660 anno
1182 2611 1295 2668 octavo,
1309 2622 1417 2662 emuna·

196 2696 300 2754 tarum,
312 2707 469 2751 erroneam,
483 2694 595 2758 piarum
611 2694 749 2744 mentium
761 2695 790 2745 et
807 2692 978 2758 simplicium
997 2693 1170 2744 seductivam
1181 2695 1213 2746 et
1224 2693 1417 2746 damnatarum

196 2778 346 2829 haeresum
355 2775 467 2841 plenam
480 2776 637 2827 doctrinam
653 2775 797 2826 cuiusdam
808 2775 906 2826 tratris
915 2773 1032 2826 Martini
1044 2774 1162 2835 Lnther,
1175 2775 1290 2827 ordinis
1301 2777 1416 2829 matrum

196 2860 416 2912 haeremitarum
428 2858 519 2910 sancti
526 2858 689 2924 Augustini,
703 2858 935 2909 concernentium
944 2857 1202 2922 committeremua3

229 2943 298 3001 Nos,
320 2942 466 3006 cupientes
486 2955 521 2993 ex
533 2939 684 3005 pastoralis
705 2940 792 2991 officii
812 2940 903 2991 nostri
923 2939 1020 2993 debito
1041 2941 1077 2992 ad
1098 2939 1222 2994 salutem
1238 2940 1414 2993 subditorum

196 3025 368 3083 nostrorum,
381 3025 466 3075 fldem
483 3037 603 3087 qnoque,
623 3023 767 3083 unionem,
780 3035 878 3088 paoem
895 3024 925 3074 et
937 3021 1174 3087 tranquillitatem
1191 3025 1311 3076 metae
1321 3021 1412 3075 mamis

195 3107 340 3162 Ecclesiae
357 3108 481 3158 mentem
499 3108 625 3158 nostram
644 3105 768 3172 dirigere
786 3107 816 3156 et
832 3104 1006 3170 apostolicis,
1018 3106 1051 3157 ut
1062 3107 1202 3169 tenemur,
1215 3118 1323 3171 parere
1337 3117 1411 3156 man·

196 3192 284 3255 datis3
301 3190 408 3241 idcirco
426 3188 507 3239 robis
528 3189 658 3239 omnibus
676 3191 706 3239 et
722 3186 843 3253 singulis
863 3187 1033 3252 supradictis
1055 3189 1084 3240 et
1105 3189 1231 3240 vesu-um
1252 3185 1371 3241 cuilibet
1385 3185 1412 3238 in

196 3273 319 3325 solidum
336 3271 539 3322 committimus
557 3273 641 3334 etque
660 3270 690 3320 in
707 3271 812 3321 virtute
829 3272 943 3322 sanctae
960 3270 1139 3322 obedientiae
1157 3269 1210 3322 sub
1227 3271 1357 3322 censur'm
1368 3264 1412 3336 [et]

197 3356 296 3421 paenis
318 3355 347 3406 in
371 3354 453 3405 dictis
477 3352 581 3404 litteris
604 3352 768 3418 apostolicis
790 3353 932 3404 contentis
956 3352 1085 3405 districte
1106 3352 1318 3417 praecipientes
1342 3362 1411 3403 mn·

198 3439 306 3503 damus,
325 3438 464 3501 qnatenus
482 3435 592 3488 litteras
610 3434 779 3500 apostolicas
798 3435 970 3498 huiusmodi,
988 3436 1138 3501 postquam
1156 3433 1225 3486 illae
1241 3435 1304 3487 sire
1319 3445 1410 3487 wun-

198 3521 262 3572 dem
273 3521 373 3586 copiae
385 3519 576 3577 authenticae,
592 3517 688 3585 sigillo
700 3517 821 3584 praelati
833 3520 862 3569 et
879 3518 983 3569 notarii
1001 3518 1210 3583 subscriptione
1227 3518 1355 3569 munitae
1364 3526 1409 3581 pet

200 3606 383 3666 nostrumque
407 3602 436 3652 in
460 3600 655 3666 spiritualibus
679 3600 815 3651 vicarium
838 3600 1021 3667 subsignatae
1049 3600 1129 3651 robis
1151 3600 1360 3665 praesentatae,
1380 3609 1408 3648 ac

200 3685 294 3737 omnia
305 3688 334 3737 et
344 3683 460 3750 singula
476 3684 506 3734 in
518 3684 560 3733 eis
572 3683 706 3734 contenta
715 3684 745 3733 in
758 3681 887 3734 ecclesiis
904 3683 1006 3735 vestris
1018 3695 1112 3734 coram
1124 3681 1224 3747 populi
1234 3679 1407 3733 multudine

199 3766 276 3821 tideli
298 3767 537 3833 interpretatione
559 3766 676 3830 praevia
696 3764 847 3830 publicetis
869 3767 899 3816 et
920 3765 1067 3823 intimetis.
1091 3777 1247 3829 omnesque
1271 3763 1407 3826 utriusque

198 3865 282 3904 sexus
304 3848 515 3911 christifideles,
538 3851 571 3900 ut
593 3847 696 3900 litteris
720 3848 790 3913 ipsis
814 3846 978 3912 apostolicis
1000 3847 1165 3899 memoratis
1187 3847 1248 3899 sire
1271 3845 1363 3899 bullae
1381 3842 1406 3895 ln

199 3934 329 3986 omnibus
340 3935 370 3986 et
381 3931 503 3999 singulis
520 3929 648 3983 articulis
660 3931 736 3995 ipsos
751 3931 780 3982 et
792 3943 890 3981 eornm
903 3928 1059 3994 quemlibet
1074 3929 1234 3995 respective
1246 3938 1406 3981 concamer-

200 4019 276 4070 tibus
287 4018 338 4069 sub
356 4017 484 4069 censuris
501 4017 531 4067 et
541 4015 640 4080 paenis
652 4015 681 4065 in
695 4015 802 4066 eisdem
819 4013 961 4079 expressis
978 4014 1097 4079 parcant
1109 4016 1139 4065 et
1150 4012 1287 4065 obediant
1302 4009 1407 4064 realiter

199 4114 264 4152 cnm
276 4101 378 4152 ellectu
386 4099 525 4151 moneatis
537 4100 567 4150 et
578 4098 741 4162 requiratis,
756 4111 826 4160 quos
838 4111 890 4148 nos
902 4098 987 4148 etiam
1000 4096 1029 4147 et
1040 4108 1139 4148 eorum
1151 4093 1309 4158 quemlibet
1318 4095 1407 4146 tenore

198 4183 392 4249 praesentium
403 4182 575 4246 requirimus
592 4183 621 4232 et
632 4193 788 4238 monemus,
801 4180 830 4231 in
843 4180 978 4243 quantum
989 4178 1054 4244 ipsi,
1067 4178 1109 4229 sic
1125 4176 1227 4229 moniti
1238 4178 1269 4229 et
1280 4173 1407 4241 requisiti,

199 4267 336 4319 ultionem
348 4265 471 4316 divinam
483 4267 512 4315 et
524 4265 636 4315 sanctae
653 4262 825 4328 apostolicae
842 4262 918 4313 sedis
935 4260 1170 4327 indignationem,
1183 4272 1290 4325 paenas
1307 4268 1408 4323 qnoque

199 4353 228 4402 et
244 4362 379 4402 censuras
397 4350 424 4398 in
443 4348 519 4399 dicta
535 4346 612 4398 bulla
629 4349 775 4398 contentas
793 4347 899 4398 evitare
917 4344 1072 4407 voluerint;
1085 4343 1278 4395 certificantes
1293 4339 1408 4395 eosdem·

199 4435 240 4485 sic
258 4433 381 4484 monitos
403 4433 433 4484 et
455 4430 617 4494 requisitos.
636 4430 710 4494 quod
731 4443 783 4480 nos
802 4427 987 4480 nihilominus
1009 4428 1109 4478 contra
1125 4423 1250 4477 rebelles
1269 4426 1300 4477 et
1321 4422 1409 4476 inobe

198 4517 317 4574 dientes,
336 4516 360 4570 si
378 4515 458 4568 nobis
480 4513 642 4569 denunciati
663 4513 779 4576 luerint,
796 4513 877 4564 iuxta
899 4511 928 4564 et
950 4509 1104 4562 secundum
1122 4508 1215 4560 dictae
1232 4506 1331 4561 bullae
1350 4507 1411 4569 rim,
