3224 5400
727 492 831 548 ANNO
850 491 913 545 isai
1378 495 1425 548 301

207 657 375 727 0111111111]
387 656 465 726 quaJ,
478 656 690 725 illustriss1ime]
707 657 774 719 dux,
789 669 805 707 a
816 657 924 722 pseudo
945 655 1090 722 apostolis,
1106 658 1264 724 prophetis,
1276 661 1427 726 episcopis,

205 742 343 800 diaconis,
363 739 475 793 aialsis
492 741 577 793 etiam
608 741 771 792 doctoribus
800 739 994 802 1111111111,
1021 752 1142 804 quorum
1166 742 1346 807 tyrannidem
1370 743 1427 796 iam

204 836 293 890 supra
302 822 382 875 mille
394 837 491 884 annos,
512 837 568 874 non
586 823 660 874 citra
670 836 757 889 grave
771 823 930 874 animarum
948 823 1109 874 nostrarum
1120 823 1278 888 periculum
1294 825 1426 891 patimur.

188 907 270 959 -Non
299 906 487 970 adspiciamus
507 906 556 956 aut
580 907 615 956 ad
641 904 927 970 Hierosolymitanam
951 908 999 957 aut
1026 907 1062 957 ad
1086 905 1293 959 Antiochenam
1315 910 1364 960 aut
1390 909 1427 960 ad

204 987 547 1053 Constantinopolitanam
573 990 621 1039 aut
642 989 676 1039 ad
695 988 851 1039 Romanam
871 987 1037 1046 Ecclesiam,
1058 1003 1130 1052 quac
1153 988 1222 1040 olim
1246 991 1369 1055 superbe
1392 1005 1425 1042 ac

203 1072 391 1136 pertinaciter
403 1072 437 1122 de
456 1072 578 1135 primatu
589 1072 683 1134 (quem
695 1071 724 1121 in
736 1071 794 1121 suis
812 1070 940 1122 Christus
959 1085 1014 1122 non
1032 1071 1188 1138 cognoscit)
1206 1072 1424 1124 contenderunt.

203 1152 262 1205 Sed
273 1153 428 1219 dirigamus
441 1153 537 1203 oculos
550 1155 653 1204 mentis
667 1154 695 1203 in
706 1152 894 1205 Christianam
906 1153 985 1204 illam
1003 1152 1170 1217 Ecclesiam,
1184 1169 1256 1218 quae
1269 1168 1321 1219 per
1333 1156 1423 1207 acter-

203 1249 273 1287 uum
281 1234 428 1300 Evangellj
439 1235 556 1287 verbum
569 1248 681 1299 semper
692 1236 794 1286 crescit
803 1237 832 1286 et
842 1235 1005 1294 iructidcat,
1016 1249 1088 1299 quae
1100 1236 1129 1287 in
1141 1236 1220 1287 Actis
1231 1236 1424 1302 Epistulisque

204 1315 370 1383 apostolicis
392 1317 497 1370 Christi
514 1318 615 1382 spiritu
638 1331 772 1382 expressa
792 1320 849 1381 est,
871 1331 942 1381 quae
964 1318 1050 1369 etiam
1071 1318 1170 1369 habuit
1193 1320 1310 1383 (utiam
1327 1319 1424 1379 habet,

202 1400 374 1463 ubicumque
392 1402 533 1451 terrarum
551 1401 665 1463 existat)
681 1398 834 1464 apostolos,
853 1400 1017 1465 propbetas,
1039 1402 1179 1459 doctores,
1200 1402 1342 1462 diaconos,
1365 1403 1426 1469 epi-

202 1494 316 1547 scopos,
333 1496 389 1533 non
408 1482 548 1544 dominos,
564 1483 707 1546 principes
725 1486 754 1533 et
769 1484 914 1547 tyrannos.
929 1482 992 1534 Non
1005 1483 1090 1534 credo
1105 1483 1268 1548 quempiam
1283 1484 1423 1543 dubitare,

202 1565 272 1630 quin
280 1556 970 1629 11111111111111Ε1111111ρ1ο11111111111111111
983 1563 1127 1616 Christum
1139 1579 1223 1629 quam
1233 1565 1304 1617 haec
1317 1568 1425 1633 nostra,

202 1646 264 1698 sive
274 1645 406 1698 Latinam
423 1647 529 1699 dixeris
547 1647 607 1699 sive
624 1647 790 1699 Romanam.
805 1646 870 1699 Jam
888 1646 1072 1714 vigilantibus
1089 1648 1188 1710 oculis,
1206 1647 1423 1714 illustrisssime]

204 1729 271 1788 dux,
284 1729 477 1794 dispiciamus,
491 1731 587 1781 utrum
598 1730 627 1780 in
639 1729 690 1781 illa
701 1729 772 1782 tales
784 1731 908 1794 ordines,
922 1730 1080 1795 unctiones,
1097 1731 1236 1794 rosiones,
1248 1730 1317 1783 talia
1333 1744 1425 1784 sacra·

202 1813 309 1874 mente,
323 1811 393 1863 talia
404 1811 517 1877 templa,
531 1826 598 1865 arae
608 1813 756 1874 sacrificia,
768 1813 877 1864 tantum
887 1826 981 1877 opum,
995 1814 1090 1873 tantus
1104 1813 1232 1865 ciborum
1247 1814 1423 1878 vestiumque

204 1893 341 1955 delectus,
352 1896 395 1946 tot
403 1895 500 1959 impia,
510 1894 597 1946 stulta
606 1896 635 1947 et
644 1895 830 1960 impossibilia
838 1896 913 1956 vota,
923 1895 1071 1947 coelibatus
1080 1897 1138 1947 tam
1147 1897 1275 1961 impurus
1288 1910 1372 1961 quam
1381 1899 1426 1949 est

202 1976 266 2040 ipsa
290 1977 450 2040 impuritas,
471 1991 543 2039 quae
559 1977 604 2029 vel
626 1976 688 2029 sola
706 1979 735 2028 in
756 1976 808 2028 hac
826 1973 956 2029 R'omana
973 1977 1102 2029 Ecclesia
1127 1980 1280 2044 cernimus,
1299 1980 1417 2032 tuerint.

203 2058 237 2111 In
247 2058 303 2111 hac
314 2060 381 2110 sunt
396 2060 498 2111 mitrae
510 2059 661 2126 phrygiae,
674 2073 743 2111 auro
762 2061 937 2125 gemmisque
956 2062 1084 2117 onustae.
1098 2061 1128 2112 in
1146 2060 1199 2112 hac
1216 2061 1320 2125 baculi,
1334 2063 1423 2129 snuli,

204 2140 332 2193 sandalis
344 2155 413 2193 auro
426 2145 455 2193 et
465 2145 585 2207 argento
597 2143 748 2203 radiantia,
758 2145 787 2193 vt
797 2142 940 2206 reliquum
951 2141 1032 2194 illum
1044 2143 1108 2207 plus
1118 2157 1201 2208 quam
1212 2146 1333 2211 regium,
1347 2147 1424 2198 inter

203 2236 346 2289 pauperes
357 2225 462 2276 Christi
471 2223 579 2288 (quales
597 2225 688 2276 videri
705 2224 812 2290 volunt)
829 2228 960 2276 ornatum
973 2227 1095 2290 taceam3
1108 2227 1137 2277 in
1151 2226 1203 2279 hac
1215 2229 1258 2278 tot
1269 2241 1368 2295 regna,
1381 2230 1424 2281 tot

204 2307 327 2372 sceptra,
334 2309 376 2358 tot
382 2307 469 2373 gladii
481 2308 572 2359 exerti
581 2308 610 2359 et
617 2307 816 2381 reconditi,tot
825 2308 917 2359 claves
926 2308 1063 2360 scientiae
1072 2311 1101 2359 11
1109 2310 1262 2372 potentiae,
1272 2313 1301 2363 et
1308 2313 1423 2376 praeter

204 2386 275 2440 haec
287 2390 392 2452 omnia,
403 2404 459 2441 non
471 2403 536 2453 una,
549 2403 647 2441 verum
659 2388 764 2454 triplex
776 2402 890 2452 corona,
900 2390 1012 2454 qualem
1022 2404 1165 2454 nunquam
1175 2392 1249 2443 ullus
1262 2395 1311 2445 aut
1321 2407 1423 2460 regum

204 2471 253 2522 aut
264 2469 416 2525 Caesarum
428 2473 597 2538 gestaverit;
614 2473 643 2523 in
653 2473 706 2523 hac
718 2473 761 2523 tot
770 2473 960 2537 sacerdotum,
969 2473 1172 2526 monachorum
1183 2477 1212 2526 11
1220 2475 1423 2527 monacharum

204 2555 309 2614 sectae,
320 2555 351 2605 ut
360 2555 533 2606 dinumerari
544 2557 694 2619 nequeant.
705 2555 748 2606 Ex
758 2555 859 2618 quibus
870 2555 950 2605 nobis
960 2556 1103 2619 prodiere,
1114 2555 1300 2608 humanorum
1311 2559 1424 2610 actuum

204 2636 308 2687 merita
319 2637 353 2688 de
366 2637 451 2701 digno
464 2638 617 2703 condigno,
625 2638 660 2688 de
669 2651 806 2703 congruo,
818 2651 896 2690 mera
905 2637 1091 2689 barbarorum
1100 2639 1289 2704 sophistarum
1298 2640 1423 2707 inventa,

203 2731 325 2781 quorum
334 2715 377 2785 (ut
388 2718 442 2769 hoc
454 2720 546 2771 obiter
559 2720 659 2780 dicam)
676 2721 840 2785 arrogantia
862 2734 896 2772 eo
908 2724 1042 2786 provecta
1054 2724 1107 2784 est,
1120 2723 1152 2772 ut
1164 2723 1198 2774 de
1216 2721 1323 2774 occulto
1336 2724 1424 2775 etiam

203 2801 316 2854 divinae
334 2804 491 2867 Maiestatis
512 2804 617 2855 iudicio
640 2805 785 2869 inquirere
805 2806 1091 2870 constantissimeque
1109 2807 1241 2860 adserere
1263 2810 1293 2859 et
1310 2808 1424 2873 docere,

202 2884 294 2935 sacris
305 2885 389 2936 etiam
401 2884 493 2938 literis
511 2887 695 2951 contemptim
707 2886 822 2949 habitis,
836 2901 892 2937 non
911 2887 1079 2939 erubuerint
1096 2886 1225 2940 homines
1242 2888 1422 2955 impiissimi3

202 2966 232 3017 11
245 2964 299 3018 hac
310 2970 552 3020 sacramentorum
567 2971 744 3032 quorundam
756 2969 947 3030 adorationes,
966 2983 1035 3033 quaa
1054 2969 1209 3034 apostolica
1226 2969 1277 3023 illa
1294 2971 1424 3024 Ecclesia

202 3063 261 3100 non
272 3050 367 3114 novit;
385 3051 415 3101 in
427 3050 480 3102 hac
491 3052 663 3111 sanctorum,
676 3052 716 3101 ita
733 3051 896 3115 loquuntur.
914 3051 1142 3103 canonizationes
1160 3053 1189 3103 et
1209 3052 1422 3106 invocationes:

201 3131 231 3182 in
241 3130 293 3182 illa
302 3133 387 3184 etiam
396 3132 538 3198 Stephano
547 3148 599 3199 pro
614 3132 727 3184 Christo
736 3132 872 3198 lapidato,
880 3133 988 3184 iacobo
1001 3132 1096 3199 gladio
1109 3134 1213 3193 occiso,
1225 3149 1292 3187 vere
1305 3137 1421 3202 sanctis,

200 3227 254 3279 per
270 3228 365 3267 sacras
382 3216 488 3275 literas,
502 3231 559 3268 non
575 3230 628 3281 per
640 3217 805 3280 pontificem
820 3216 979 3268 Romanum
1000 3216 1175 3282 adprobatis,
1194 3218 1273 3270 solus
1290 3218 1420 3271 Christus

194 3296 394 3356 invocabatur,
423 3298 472 3350 illc
493 3300 555 3349 erat
574 3299 735 3357 advocatus,
757 3299 906 3359 mediator,
924 3298 1108 3363 propiciator,
1124 3314 1177 3364 per
1193 3299 1274 3351 illum
1292 3315 1421 3353 accessus

201 3379 361 3432 habebatur
371 3382 405 3432 ad
418 3382 509 3432 Deum
520 3397 527 3442 ;
549 3382 578 3431 in
591 3380 644 3431 hac
654 3382 760 3444 (nescio
773 3381 832 3445 qui)
843 3380 1016 3438 sacerdotes,
1035 3395 1107 3444 quae
1124 3383 1272 3444 sacrificia,
1289 3397 1340 3450 pro
1352 3385 1423 3436 vivis

199 3462 229 3513 et
249 3463 397 3523 defunctis,
420 3478 492 3527 quae
512 3463 638 3528 vigiliae,
655 3463 823 3520 memoriae,
845 3463 1015 3526 septenaria,
1033 3464 1194 3525 tricenaria,
1216 3466 1420 3529 anniversaria,

199 3544 315 3596 lucrosa
330 3548 458 3610 proiecto
483 3558 647 3596 murmura:
661 3546 690 3595 in
709 3545 759 3596 illa
776 3547 838 3597 erat
849 3547 877 3597 11
897 3548 941 3597 111
958 3546 1147 3597 sacerdotium
1167 3551 1302 3610 sanctum,
1315 3550 1421 3600 sacrifl-

199 3629 277 3679 cium
298 3630 327 3679 et
344 3629 510 3691 obsequium
534 3628 610 3686 fidei,
634 3627 743 3677 hostiae
764 3627 936 3691 spirituales,
958 3628 1145 3694 acceptabiles
1166 3630 1227 3682 Deo
1250 3644 1302 3695 por
1322 3630 1422 3683 desum

200 3710 354 3769 Christum,
375 3710 484 3761 hostiae
506 3711 595 3767 vivae,
614 3710 723 3760 hostiae
740 3709 841 3767 laudis,
855 3710 964 3762 hostiae
977 3711 1181 3763 beneticentiae
1193 3714 1223 3764 11
1235 3714 1421 3766 communica-

200 3792 289 3843 tionis
301 3792 519 3851 obsecrationes,
539 3793 692 3849 orationes,
702 3790 906 3856 postulationes
918 3805 970 3856 pro
988 3793 1118 3844 omnibus
1130 3792 1301 3857 hominibus,
1314 3795 1420 3860 absque

199 3887 251 3940 spe
264 3872 383 3925 ahcuius
395 3874 481 3940 lucri;
499 3876 528 3924 in
546 3875 599 3925 hac
616 3875 762 3932 securitas,
776 3875 878 3935 ocium,
898 3876 1023 3926 omnium
1038 3889 1135 3927 rerum
1155 3876 1337 3936 abundantia,
1350 3878 1418 3931 deli·

199 3958 273 4016 ciac,
286 3955 464 4020 voluptates:
483 3957 511 4006 in
524 3956 574 4008 illa
590 3958 761 4021 persecutio,
780 3957 935 4018 tribulatio,
955 3959 1095 4024 angustia,
1112 3960 1212 4019 tames,
1230 3959 1302 4018 sitis,
1316 3961 1417 4027 irigus,

198 4039 325 4097 nuditas,
337 4039 415 4090 mille
428 4053 531 4104 genera
546 4040 655 4098 mortis,
669 4054 740 4102 quac
752 4040 847 4091 omnia
858 4042 985 4106 pugnant
1003 4055 1066 4092 cum
1087 4040 1141 4100 his,
1155 4056 1227 4105 quae
1244 4042 1272 4092 in
1289 4029 1420 4095 Romana

197 4119 330 4172 Ecclesia
349 4121 393 4172 vel
415 4122 521 4185 optima
544 4123 572 4171 et
589 4122 823 4173 christianissima
841 4124 984 4187 putantur.
1004 4124 1099 4184 Vides,
1120 4122 1313 4176 illustrissime
1335 4126 1420 4189 atque

194 4202 440 4269 clementiss[ime]
455 4204 597 4268 princeps,
610 4217 645 4255 ex
663 4204 715 4255 hac
727 4206 864 4256 mediocri
879 4206 1025 4258 Romanae
1037 4206 1182 4259 Ecclesiae
1199 4208 1235 4259 ad
1246 4206 1335 4266 illam,
1348 4220 1420 4272 quae

193 4287 228 4337 in
243 4287 330 4336 sacris
343 4285 434 4336 literis
447 4286 588 4349 descripta
600 4288 651 4344 est,
668 4286 829 4349 collatione,
849 4301 932 4350 quam
943 4286 1028 4354 longe
1042 4303 1138 4340 avero
1151 4289 1360 4341 christianismo
1379 4291 1422 4341 tot

191 4368 282 4422 annis
299 4368 490 4419 abluerimusi
502 4367 538 4417 Et
557 4368 611 4418 hoc
628 4368 703 4431 ideo,
716 4370 783 4432 quia
793 4370 911 4421 verbum
931 4369 984 4422 Dei
998 4369 1184 4438 negleximus,
1200 4386 1252 4437 pro
1273 4386 1328 4436 quo
1345 4373 1420 4424 iusto

192 4451 254 4506 Dei
265 4450 379 4510 iudicio,
393 4450 516 4501 humana
533 4451 651 4512 somnia,
670 4451 816 4503 hominum
827 4453 970 4505 doctrinas
988 4457 1017 4506 et
1034 4456 1176 4514 mandata,
1189 4455 1269 4507 iuxta
1279 4453 1422 4508 elementa

190 4533 286 4588 huius
297 4534 404 4595 mundi,
419 4536 450 4586 ut
459 4532 566 4586 Paulus
578 4533 628 4593 ait,
642 4534 672 4585 et
683 4548 739 4585 non
752 4537 905 4588 secundum
922 4536 1065 4589 Christum
1084 4537 1300 4602 acceptavimus,
1313 4537 1421 4602 etquis
