3224 5400
590 450 691 506 ANNO
711 451 774 503 1525
1256 454 1289 508 23

62 616 260 685 6661166616
277 618 388 684 Pieter
399 616 525 699 Gotrel,
538 615 747 686 aartsdiaken
763 638 827 685 van
840 620 971 706 Brugge
988 639 1029 686 en
1048 619 1287 708 vicarie-gene·

60 722 143 799 real,
163 721 221 789 dat
238 741 311 787 men
327 721 397 788 6161
413 727 596 807 voortgaan
614 722 722 789 mocht
734 721 855 787 zonder
871 723 934 788 deu
947 722 1114 810 biaschop3
1147 725 1230 793 doch
1242 726 1288 815 hij

60 825 167 892 stelde
184 845 246 891 666
263 822 599 909 verzoeningsmiddel
622 843 714 891 6666.
730 824 783 891 Dit
799 825 890 892 werd
903 826 982 893 door
995 827 1052 894 het
1069 826 1205 913 kapittel
1221 851 1286 897 van

59 929 101 995 de
117 928 209 995 hand
221 947 376 1014 gewezen
391 948 431 993 66
450 927 508 994 het
520 931 607 994 nette
622 927 706 1014 zijne
723 927 1016 1015 beraadslagingen
1035 937 1140 1012 66661,
1161 952 1203 999 na
1228 933 1292 1021 viji

61 1031 276 1117 aanhangers
303 1051 367 1096 van
383 1030 447 1097 den
464 1028 615 1115 hisschop
632 1031 841 1117 (waaronder
857 1032 982 1120 Cotrel)
1011 1032 1058 1100 uit
1075 1033 1138 1120 aiju
1160 1035 1290 1102 middeu

61 1139 95 1201 te
106 1133 236 1201 hebben
250 1132 459 1221 verwijderd.
476 1134 564 1198 ’1666
579 1133 743 1218 weigerde
756 1135 795 1200 de
809 1134 1003 1220 inquisiteur
1019 1135 1058 1203 de
1072 1136 1285 1204 kauunniken

62 1238 183 1305 verder
197 1237 240 1325 bij
257 1241 291 1304 te
307 1242 413 1316 steen,
432 1235 599 1322 neggende
612 1236 668 1303 dat
684 1236 729 1324 hij
748 1237 857 1304 sedent
874 1238 918 1306 24
929 1239 1027 1325 jaren
1042 1239 1074 1304 in
1089 1239 1146 1305 het
1163 1239 1286 1307 biadom

62 1339 211 1408 Doornik
223 1341 288 1428 ziJn
301 1339 391 1407 ambt
403 1360 467 1406 666
481 1339 676 1424 inquisiteur
689 1339 753 1406 had
771 1341 977 1426 nitgeoeiend
994 1341 1115 1409 zonder
1130 1344 1197 1409 ooit
1209 1344 1290 1410 door

58 1451 81 1517 ’1
94 1449 236 1535 116ρί1161
254 1453 288 1515 16
305 1447 370 1535 zijn
394 1447 603 1533 gedagvaard
616 1447 809 1532 geworden;
829 1468 963 1535 waarop
979 1450 1037 1516 het
1053 1449 1192 1535 kapittel
1211 1452 1286 1518 hem

58 1552 117 1619 liet
130 1572 217 1638 gean
235 1572 277 1618 na
294 1551 439 1618 daarvan
453 1571 534 1616 eene
551 1555 624 1616 6616
640 1557 673 1617 16
688 1550 817 1617 hebben
831 1553 920 1618 laten
933 1552 1105 1637 opmaken.
1122 1555 1207 1620 Daar
1223 1556 1281 1621 het

57 1655 199 1743 kapittel
219 1656 259 1723 de
280 1655 361 1722 zaak
378 1655 483 1721 alleen
505 1658 698 1734 voortzette‚
723 1656 901 1721 verscheen
923 1677 962 1740 op
987 1655 1096 1722 nieuw
1119 1658 1181 1723 Jan
1205 1657 1283 1724 Cor·

60 1760 164 1826 vilain
177 1779 232 1826 om
249 1759 329 1825 daar
342 1757 463 1825 verbod
479 1779 519 1843 op
531 1760 566 1825 16
582 1758 716 1843 leggen;
732 1759 910 1825 herhaalele
926 1758 1045 1837 616166,
1062 1759 1144 1825 doch
1157 1765 1190 1826 te
1205 1780 1281 1828 666·

60 1862 152 1948 geeis
168 1882 273 1948 vroeg
287 1862 333 1949 hij
349 1863 428 1927 daar
442 1864 515 1928 acte
532 1881 608 1928 van.
624 1861 938 1950 Niettegenstaande
951 1861 1000 1928 dit
1013 1862 1094 1929 61166
1111 1863 1210 1948 sprak
1227 1863 1286 1931 het

60 1966 201 2052 kapittel
220 1965 286 2053 zijn
308 1965 425 2030 vonnis
447 1970 546 2051 tegen
571 1963 633 2029 den
649 1970 784 2050 pastoor
798 1966 862 2032 Jan
877 1967 922 2031 Le
938 1965 1026 2031 Grue
1042 1965 1107 2033 uit:
1126 1966 1171 2052 hij
1191 1967 1279 2033 werd

60 2075 109 2136 tot
125 2089 207 2136 eene
229 2066 390 2155 openbare
409 2067 606 2154 herroeping
620 2066 725 2154 zijner
741 2067 918 2154 ketterijen
935 2071 1044 2134 66161
1063 2070 1285 2136 6666166666-

61 2174 160 2260 lange
175 2171 469 2259 gevangenzitting
482 2169 705 2239 veroordeeld.
720 2172 830 2258 Tegen
843 2170 890 2238 dit
901 2171 1017 2237 666616
1030 2171 1109 2258 ging
1122 2171 1162 2238 de
1173 2171 1285 2239 ketter

58 2282 127 2346 niet
148 2281 183 2346 in
208 2278 340 2363 beroep.
360 2277 408 2363 Op
424 2299 525 2344 66666
549 2278 670 2364 daerop
688 2278 871 2364 volgenden
894 2277 1021 2365 zondag
1036 2279 1167 2366 herriep
1184 2279 1229 2368 hij
1248 2281 1283 2347 in

60 2382 174 2471 biJziju
192 2401 255 2448 van
273 2400 353 2447 eene
365 2385 479 2467 groote
495 2382 748 2468 volksmenigte.

89 2521 219 2574 consuto
237 2520 379 2587 legittime
391 2521 601 2572 venerabilibus
614 2523 643 2573 61
659 2522 862 2586 circunspectis
884 2521 952 2572 61616
976 2521 1098 2573 dominis
1110 2522 1145 2574 de
1157 2521 1285 2587 capitulo

57 2603 179 2656 ecclesie
190 2603 390 2660 Tornaeencis.
397 2604 596 2668 jurisdictione
606 2603 758 2670 episcopali
768 2605 797 2656 et
809 2604 955 2656 ordinaria
963 2604 1030 2656 sede
1039 2606 1155 2656 6666616
1168 2607 1280 2656 661661-

56 2700 127 2752 pore
148 2686 344 2752 iungentibus,
370 2686 445 2750 quod
478 2687 593 2750 quidam
625 2688 762 2753 magister
783 2686 930 2738 lohannes
951 2686 992 2738 Le
1018 2687 1103 2749 (1666,
1126 2686 1286 2753 presbyter,

58 2770 163 2822 artium
174 2769 323 2834 magister,
336 2771 451 2820 curatus
463 2768 584 2821 ecclesie
593 2768 765 2834 parochialis
780 2769 814 2820 de
824 2768 902 2820 Orka
910 2770 992 2834 Juxta
999 2768 1168 2827 'tornacum
1182 2783 1280 2821 eorum

58 2853 191 2904 subditus
203 2855 233 2904 61
245 2853 273 2903 16
286 2853 362 2903 dicta
380 2850 503 2903 ecclesia
513 2852 710 2910 beneficiatus,
737 2850 887 2903 nonnullas
900 2853 1110 2916 propositiones
1130 2852 1282 2910 hereticas,

59 2948 206 2992 66666666,
219 2934 331 3000 piarum
341 2935 452 2987 aurium
462 2936 623 2993 6116661666,
630 2934 765 3000 populum
778 2948 795 2985 6
807 2935 958 2986 devotione
969 2924 1149 2986 retrahentes
1161 2937 1191 2986 et
1202 2935 1283 2987 here-

58 3019 112 3070 sim
123 3019 239 3069 6616616
248 3018 391 3082 sapientes
401 3019 458 3068 tam
467 3019 526 3068 6616
537 3017 718 3081 parochianis
727 3031 812 3080 quam
824 3017 887 3068 61116
897 3018 1016 3068 diversis
1027 3017 1158 3082 personis
1170 3017 1282 3081 publice

56 3101 256 3166 predicaverat
272 3103 302 3152 61
318 3101 454 3151 docuerat
471 3102 499 3152 et
516 3101 546 3151 16
570 3100 685 3151 divertis
701 3099 772 3151 locis
795 3100 928 3165 privatim
945 3099 1057 3150 dixerat
1068 3101 1097 3151 et
1118 3099 1282 3151 dissemina·

57 3189 146 3243 66661,
159 3197 197 3235 ex
209 3182 311 3246 quibus
321 3182 504 3247 quamplures
516 3182 665 3247 utriusque
687 3196 773 3236 sexus
793 3195 915 3247 persone
938 3182 1051 3233 inerant
1062 3183 1091 3233 et
1113 3181 1281 3234 6666116616

58 3267 199 3326 6611116616,
222 3265 365 3329 prelatum
388 3266 556 3331 magistrum
576 3264 737 3317 iohannem
761 3268 894 3328 tanquam
918 3277 1017 3316 eorum
1035 3263 1178 3315 subditum
1196 3264 1280 3317 bene·

10 3373 12 3385 =
58 3348 184 3400 iieiatum
195 3349 225 3400 et
234 3347 446 3412 inestimabilem,
465 3349 589 3399 instante
601 3361 751 3399 causarum
774 3348 860 3399 oiiicii
884 3347 952 3398 dicti
970 3345 1087 3410 capituli
1105 3347 1278 3410 promotore,

10 3540 17 3587 1

10 3598 15 3665 1

58 3444 152 3483 coram
164 3431 208 3483 eis
222 3430 415 3496 personaliter
422 3431 504 3482 citari
516 3432 546 3482 et
557 3431 670 3483 6666661
682 3432 821 3482 iecerunt.

88 3513 172 3572 Item,
182 3515 213 3565 et
223 3515 302 3565 66616
313 3514 359 3565 die
372 3512 522 3578 capitulari
543 3514 577 3565 de
598 3525 695 3565 166666
712 3513 784 3565 Jnlii
808 3513 954 3564 novissimi
974 3511 1114 3577 preteriti,
1127 3512 1221 3576 ipsum
1238 3513 1279 3564 sic

59 3597 174 3649 61161661
184 3596 331 3648 evocatum
348 3598 378 3648 et
394 3597 604 3660 comparentem
626 3609 658 3647 ac
681 3609 733 3660 per
757 3597 861 3646 dictum
885 3597 1078 3660 promotorem
1090 3608 1176 3659 super
1184 3595 1281 3660 huJ'us·

59 3680 135 3732 modi
144 3677 275 3731 articulis
287 3680 449 3729 accusatum
461 3680 491 3731 61
500 3678 683 3730 661166161661
695 3693 728 3730 66
740 3680 782 3742 (111
794 3679 887 3743 prima
904 3678 978 3729 16616
991 3678 1155 3742 apparebat)
1168 3692 1280 3742 suspec-

60 3763 157 3814 1116116
167 3774 282 3813 camera
291 3760 557 3825 clocquemanorum
570 3761 645 3813 dicte
657 3760 777 3813 66616616
786 3759 849 3811 1666
859 3760 986 3824 prisonie
996 3760 1130 3811 constitui
1138 3761 1278 3811 iecerunt.

10 3846 12 3851 '
86 3844 170 3904 11616,
192 3844 279 3896 666116
302 3843 486 3908 sequentibus
507 3844 606 3895 diebus
624 3845 659 3894 ad
685 3843 852 3895 ulteriorem
880 3843 1094 3906 inquisitionem
1121 3842 1279 3906 procedere

59 3929 214 3993 cupientes,
231 3927 318 3978 certis
339 3940 374 3978 ex
392 3939 491 3978 eorum
514 3926 705 3977 contratribus
728 3927 764 3977 ad
784 3926 890 3976 dictum
912 3925 1114 3989 prisionarium
1127 3937 1212 3988 super
1224 3924 1279 3976 sibi

10 4002 14 4061 ἶ
57 4006 197 4071 impositis
208 4006 389 4062 audiendum,
401 4004 638 4070 interrogandum
655 4007 684 4056 et
704 4004 920 4056 examinandum
938 4003 1106 4054 ordinarunt
1117 4005 1146 4054 et
1163 4004 1278 4067 deputa·

10 4090 13 4139 l
57 4092 130 4148 6661,
141 4089 194 4153 qui
204 4089 296 4152 spatio
309 4088 393 4138 unius
405 4088 511 4139 mensis
523 4088 643 4139 durante
656 4090 685 4138 et
705 4087 826 4151 amplius
839 4087 959 4139 diversis
972 4088 1002 4138 61
1013 4086 1125 4138 11666116
1135 4086 1235 4139 diebus
1250 4088 1279 4140 61

10 4142 13 4227 i
56 4172 160 4223 vicibus
169 4171 313 4236 pretatum
324 4170 537 4234 prisionarium‚
549 4169 622 4233 juris
643 4171 743 4221 ordine
756 4171 856 4220 166666
875 4183 930 4220 666
944 4169 1102 4230 observato,
1116 4170 1277 4229 audierunt,

10 4244 13 4269 ⁵
57 4253 257 4304 61661666661
268 4253 297 4303 et
307 4252 532 4316 interrogarunt.

86 4335 170 4395 Item,
183 4337 214 4385 et
225 4332 293 4384 licet
304 4334 408 4397 prelati
419 4334 546 4397 deputati
559 4333 678 4385 diversis
691 4334 929 4398 disputationibus
942 4336 972 4385 et
989 4333 1150 4398 equissimis
1162 4333 1277 4384 rationi·

56 4419 106 4470 bns
115 4419 194 4470 dicto
211 4416 384 4482 prisionario
396 4414 504 4480 pluries
515 4415 545 4466 16
557 4416 682 4468 medium
694 4417 821 4468 deductis
833 4419 926 4469 certas
935 4430 971 4468 ex
983 4416 1066 4467 dictis
1078 4416 1277 4481 propositioni-

55 4501 104 4556 bes
115 4499 261 4554 hereticas
271 4500 301 4552 et
311 4511 447 4554 erroneas
458 4498 547 4552 161666
558 4502 588 4554 61
604 4512 667 4554 esse
679 4499 825 4568 sepissime
838 4500 1079 4554 demonstrassent
1090 4500 1120 4552 et
1130 4498 1276 4552 6661661166
