3224 5400
703 432 807 486 ANNO
826 432 891 484 1526
1378 434 1427 486 139

196 602 276 653 modi
293 601 388 654 heresi
403 601 448 652 vel
466 600 624 665 suspitione
641 601 670 651 in
689 600 794 651 uostris
812 598 977 665 suppositis,
996 615 1030 652 eo
1049 614 1115 652 casu
1136 615 1192 652 uno
1213 614 1312 653 mense
1330 601 1426 666 elapso

196 686 263 749 post
286 685 504 734 summationem
528 683 609 732 nobis
633 683 737 732 iactam
760 695 813 745 per
838 683 1034 746 promotorem
1058 682 1126 733 dieti
1150 684 1257 733 domiui
1280 682 1365 735 electi
1394 684 1424 735 et

196 767 448 829 administratoris,
473 764 572 814 lioebit
599 764 692 815 eidem
722 765 835 813 domino
865 762 956 815 eleeto
983 767 1013 815 ot
1040 765 1268 815 administratori
1298 765 1343 816 vel
1373 780 1424 816 suo

197 847 315 898 officiali
332 848 367 898 de
384 846 547 910 huiusmodi
565 846 685 896 erimine
703 845 813 896 heresis
831 860 895 895 cum
912 846 1082 909 inquisitore
1100 846 1129 896 in
1147 848 1295 910 supposita
1316 848 1423 907 nostra,

197 933 228 981 et
250 931 333 981 nobis
357 930 479 987 omissis,
502 940 676 993 cognoscere
698 930 727 978 et
749 928 932 978 sententiare.
954 928 991 978 Et
1011 928 1067 978 hiis
1086 928 1277 978 mediantibus
1299 940 1423 992 pennos

196 1012 322 1064 electum
333 1012 363 1062 et
375 1011 634 1061 administratorem
652 1022 702 1059 seu
721 1009 874 1058 officiarios
892 1011 1004 1059 nostros
1021 1022 1054 1059 ao
1065 1022 1118 1073 per
1131 1023 1182 1058 nos
1198 1008 1354 1072 capitulum
1371 1021 1422 1060 seu

197 1094 350 1157 deputatos
374 1094 487 1142 nostros
507 1091 574 1141 hine
596 1091 663 1141 inde
686 1090 793 1156 agitata
813 1090 994 1140 habebuntur
1015 1090 1068 1140 hac
1088 1091 1148 1140 vice
1169 1104 1220 1154 pro
1242 1090 1365 1140 iniectis.
1387 1091 1424 1141 Et

196 1178 231 1226 ut
250 1175 413 1238 huiusmodi
434 1173 587 1223 eoncordia
606 1173 716 1222 tirmior
735 1174 763 1222 et
784 1171 905 1222 validior
926 1172 963 1221 sit
983 1172 1059 1222 inter
1079 1186 1130 1221 nos
1151 1184 1348 1235 permansura,
1371 1185 1423 1221 nos

196 1257 316 1308 Carolus
335 1257 369 1306 de
387 1256 471 1320 croy,
490 1254 597 1305 electus
615 1257 644 1304 et
661 1254 876 1304 administrator
890 1255 1028 1317 prefatus,
1050 1255 1080 1304 ot
1097 1267 1148 1303 nos
1168 1253 1323 1318 capitulum
1345 1255 1422 1304 aute·

196 1339 305 1388 dictum
324 1336 421 1402 sigilla
433 1337 531 1386 nostra
547 1336 728 1399 presentibus
745 1334 850 1385 littoris
868 1336 1000 1385 duximus
1018 1335 1196 1398 apponenda,
1215 1348 1290 1385 anno
1307 1335 1422 1385 Domini

196 1419 351 1471 millesimo
372 1417 601 1482 quingentesimo
622 1417 756 1467 vicesimo
780 1418 871 1478 sexto,
896 1417 1002 1468 mensis
1024 1416 1105 1467 Junii
1128 1417 1174 1466 die
1199 1416 1310 1467 decima
1332 1416 1422 1467 sexta.

1019 1514 1061 1565 De
1079 1515 1211 1564 mandato
1228 1514 1356 1578 capituli,

1087 1596 1115 1647 J.
1135 1596 1290 1648 Foumunu.

461 1728 655 1780 Stadsarehiei
667 1730 695 1780 te
708 1727 832 1785 Brusset‚
847 1727 986 1794 origineel
1001 1742 1036 1792 op
1048 1728 1227 1791 perhament.

765 1962 856 2029 526.

252 2177 357 2247 1526,
374 2170 466 2234 Juai
480 2178 540 2248 23,
552 2169 698 2235 beiden.
714 2174 759 2238 De
776 2174 962 2257 schepenen
979 2193 1042 2238 van
1056 2171 1176 2237 Leiden
1189 2171 1423 2237 veroordeelen

195 2278 262 2342 Jau
295 2276 472 2342 Cornelisz.
506 2280 558 2342 tot
594 2295 675 2340 eene
706 2274 946 2359 boetedoening
981 2294 1114 2359 wegens
1146 2273 1341 2357 hettersche
1366 2294 1424 2358 go·

197 2378 379 2464 sprekken.

518 2511 664 2579 Aspelosen
682 2510 736 2562 den
752 2512 812 2559 230„
828 2513 861 2562 in
877 2510 964 2564 Iunio
981 2520 1012 2563 αο
1030 2513 1103 2561 1526.

231 2643 361 2694 Gorreaie
383 2640 474 2692 vando
497 2643 625 2709 betterye.
644 2671 677 2680 -
702 2642 787 2693 Alzoe
814 2642 870 2693 dan
899 2642 1064 2700 Cornelisz.‚
1091 2643 1254 2708 leydeeker,
1281 2645 1424 2694 vermaert

194 2726 324 2790 geweest
341 2724 375 2781 is,
389 2725 437 2774 dat
449 2724 486 2787 hy
499 2738 564 2775 zoor
576 2724 727 2787 qualieken
740 2723 856 2775 beuoelt
868 2725 940 2774 ende
952 2724 1144 2788 atgryselieke
1157 2725 1253 2789 opinio
1268 2724 1347 2775 heoit
1358 2738 1423 2774 vau-

195 2809 252 2858 den
270 2805 404 2871 heyligen
422 2808 637 2872 eorweerdigeu
648 2806 837 2857 ‘sacramente
858 2807 907 2856 des
926 2810 1050 2865 outaers,
1069 2810 1219 2872 eontrarye
1236 2806 1422 2871 twarachtigo

193 2888 370 2940 kerstelicke
382 2889 455 2938 ende
467 2887 642 2952 apostolicke
652 2888 763 2953 gemus,
774 2889 846 2939 ende
857 2889 911 2947 dat,
922 2888 962 2938 als
975 2889 1013 2952 hy
1023 2888 1145 2953 gehoert
1153 2889 1237 2947 heeit,
1249 2890 1297 2938 dat
1306 2887 1422 2939 deselue

193 2985 249 3035 ayn
261 2970 403 3035 dwalinge
415 2984 552 3034 geoomen
567 2985 624 3020 was
638 2972 682 3020 ter
694 2970 838 3030 hendisse,
851 2970 923 3020 ende
941 2971 1150 3020 verduohtonde
1168 2985 1225 3020 was
1244 2971 1278 3020 de
1294 2971 1420 3033 justicie,

194 3053 276 3103 heett
295 3051 361 3102 hem
381 3052 582 3117 geabsentoert
599 3054 666 3116 vuyt
687 3051 738 3101 der
760 3051 840 3102 stede
863 3064 915 3101 van
939 3051 1053 3116 Leyden
1078 3054 1150 3102 ende
1171 3052 1276 3116 enigho
1296 3065 1350 3102 van
1367 3066 1419 3116 ayn

193 3134 333 3184 vrienden
352 3135 424 3185 ende
442 3147 543 3198 magen
562 3134 759 3198 uytgesoudeu
777 3147 812 3183 an
831 3135 885 3183 deu
903 3133 1004 3182 schout
1015 3133 1087 3183 ende
1105 3134 1158 3184 den
1177 3132 1312 3197 gerochto
1334 3148 1379 3183 om
1393 3136 1421 3183 te

194 3216 308 3268 hebben
329 3215 431 3280 geleye
449 3216 522 3266 ende
543 3231 595 3279 ayn
614 3216 716 3266 saeoke
738 3216 766 3266 to
783 3215 1028 3271 verantwoorden,
1050 3214 1122 3264 ende
1145 3215 1241 3265 omdat
1261 3216 1296 3265 do
1316 3215 1419 3266 zaeoke

193 3311 246 3349 zoe
257 3311 350 3348 zwaer
361 3299 433 3348 ende
446 3311 495 3348 zoe
511 3300 720 3362 vuytgonomen
739 3299 823 3361 groot
840 3298 874 3357 is,
888 3311 936 3347 zoe
955 3297 1066 3348 hebben
1085 3298 1138 3348 deu
1157 3298 1258 3347 schout
1274 3297 1346 3346 ende
1365 3297 1418 3347 den

191 3380 332 3446 genechte
345 3380 380 3432 de
392 3380 494 3431 saeeke
507 3380 603 3444 geleyt
621 3381 649 3429 in
664 3378 836 3455 deliberacie
854 3394 899 3428 om
918 3382 945 3429 te
964 3381 1055 3430 weten
1075 3381 1104 3428 ot
1121 3394 1152 3443 zy
1172 3380 1226 3429 den
1244 3380 1344 3429 voirsz.
1362 3379 1419 3431 dan

193 3461 347 3514 Cornelias.
362 3460 482 3526 geleyde
495 3462 602 3511 zouden
615 3474 708 3525 geuon
721 3463 751 3510 oi
763 3463 837 3524 nyet.
847 3461 919 3511 ende
933 3462 1019 3525 updat
1029 3476 1060 3525 zy
1071 3462 1113 3510 tot
1125 3461 1270 3511 voleomen
1284 3461 1418 3512 kennisse

191 3544 302 3595 vander
313 3543 415 3594 saecko
428 3543 532 3593 zoudon
545 3557 648 3608 mogen
658 3556 757 3593 comen
767 3543 839 3593 ende
853 3544 898 3593 die
911 3543 983 3592 ende
993 3542 1168 3607 diergelioke
1178 3542 1291 3594 valsche
1304 3543 1419 3607 opinion
1494 3589 1496 3595 .

191 3627 391 3689 textirpieren,
405 3626 515 3676 hebben
528 3627 747 3690 geconsenteert
756 3625 799 3674 int
811 3624 911 3688 goieye
924 3626 995 3674 ende
1008 3623 1073 3675 hem
1087 3639 1137 3675 een
1152 3625 1273 3675 zekeren
1290 3626 1420 3688 prefixed

191 3708 265 3759 dach
277 3708 433 3771 beteykent
445 3721 491 3757 om
503 3707 568 3758 hem
581 3710 608 3757 to
621 3721 720 3757 comen
732 3707 980 3757 verantwoorden:
991 3721 1028 3769 up
1041 3706 1168 3757 welckon
1179 3708 1249 3757 dach
1260 3706 1297 3771 hy
1308 3721 1419 3771 geeom·

191 3791 309 3855 pareort
318 3790 434 3851 is3eude
445 3789 510 3839 hem
520 3790 629 3839 vanden
637 3789 843 3838 voirszsaeoke
852 3787 1005 3853 gevraeeht
1014 3788 1084 3838 ende
1095 3790 1142 3838 dat
1151 3789 1189 3853 hy
1199 3789 1263 3838 hem
1274 3790 1316 3838 int
1326 3790 1419 3840 eerste

192 3873 273 3923 heett
289 3870 385 3921 willon
401 3884 568 3927 excuseren,
582 3872 736 3935 aeggendo‚
750 3871 798 3920 dat
809 3870 846 3934 hy
861 3871 1005 3920 droneken
1024 3885 1091 3930 was,
1104 3886 1153 3921 zoe
1166 3871 1244 3921 heett
1256 3871 1294 3935 hy
1307 3874 1417 3936 geseyt‚

192 3955 248 4004 hoe
266 3954 322 4012 dat,
332 3957 418 4016 upton
432 3955 544 4003 eersten
558 3954 690 4003 worcken
704 3953 775 4002 doeh
788 3967 841 4004 nae
856 3953 902 4002 dio
915 3952 1024 4002 Paesch
1036 3951 1151 4017 heylige
1164 3954 1256 4017 dagen
1270 3953 1417 4013 lestleden,

193 4036 231 4100 hy
252 4036 305 4085 mit
327 4034 455 4085 Cornelis
476 4034 614 4092 Euertsz.,
634 4033 796 4098 leydocker‚
819 4050 870 4098 zyn
888 4035 1021 4092 meester,
1044 4035 1116 4085 endo
1137 4036 1189 4084 mit
1210 4036 1344 4096 Adriaen,
1367 4049 1419 4099 zyu

193 4118 331 4168 meesters
344 4117 458 4175 kneeht,
470 4119 596 4180 geweest
608 4117 631 4166 is
645 4119 686 4166 tot
698 4117 871 4167 Warmoudo
881 4118 924 4167 int
933 4116 1179 4167 manneneloester
1188 4118 1335 4181 werchen3
1346 4119 1418 4168 ende

195 4200 241 4249 dat
267 4199 317 4249 dos
341 4199 540 4257 actiteruoens,
567 4198 609 4249 als
633 4214 664 4262 ay
694 4200 800 4263 gingeu
825 4200 953 4264 iubyten,
980 4213 1029 4250 zoe
1053 4200 1149 4249 worda
1173 4201 1207 4250 de
1230 4200 1419 4264 gastmeestor

197 4281 371 4343 spreckende
388 4281 494 4331 vander
512 4281 728 4345 vergaderinge,
747 4282 793 4332 die
812 4282 840 4330 in
859 4280 1012 4345 Duytslaut
1032 4296 1098 4336 was.
1118 4281 1190 4331 ende
1208 4282 1315 4344 zeydez
1338 4300 1350 4321 u
1366 4280 1419 4330 Dio

198 4361 304 4413 boeuen
328 4362 445 4412 makent
465 4376 513 4412 zoe
536 4360 707 4424 qualiekon:
732 4376 763 4425 zy
789 4375 906 4412 neemen
930 4362 965 4412 de
988 4362 1109 4412 keioken
1133 4362 1205 4412 ende
1229 4362 1264 4411 de
1282 4361 1417 4424 ciboryen

201 4444 266 4494 ende
288 4454 404 4507 werpen
427 4443 556 4510 theylige
578 4442 744 4494 sacrament
767 4443 899 4508 dairvuyt
918 4445 969 4508 upt
992 4445 1092 4495 outaer
1115 4445 1156 4494 oti
1176 4444 1266 4494 onder
1294 4444 1329 4494 de
1351 4446 1418 4495 voet
