3224 5400
639 494 740 548 ANNO
759 494 822 547 1527
1294 501 1344 552 293

149 667 279 724 oramque
298 660 478 726 praesertim,
498 662 547 726 qui
569 660 689 729 slscrae]
710 660 888 732 majestatis]
912 665 978 717 tuae
997 666 1128 731 imperio,
1149 666 1244 726 saluti,
1268 668 1343 720 vitae

149 742 246 806 enique
268 744 364 794 noctes
394 745 479 806 atque
505 744 565 796 dies
590 746 771 807 insidiantur,
796 748 831 798 ad
855 747 961 800 Christi
982 748 1170 814 Evangelium
1192 764 1342 815 sacrasque

149 821 222 876 tersa
243 824 390 877 advolarit.
420 825 581 878 Haereseos
604 828 712 879 crimen
738 829 821 880 lacile
847 831 978 893 cuiquam
1006 831 1140 882 intentari
1168 834 1283 896 poterit,
1313 835 1342 885 at

149 917 273 959 tereseos
295 921 455 971 quenquam
481 910 657 972 convincere,
685 911 800 963 difficile
821 914 971 964 admodum
992 915 1088 965 tuerit.
1113 914 1188 973 Quos
1211 916 1340 978 pontifex

149 1002 267 1041 omanus
292 992 321 1042 et
345 990 435 1054 ipsius
459 992 599 1042 coniurati
622 993 748 1045 haeresis
772 996 840 1046 nota
861 996 977 1047 inurere
1002 997 1139 1055 nituntur,
1163 997 1193 1047 hi
1216 997 1338 1049 vicissim

149 1068 304 1139 ›altidccml
327 1071 487 1123 Romanum
511 1076 595 1137 atque
619 1076 792 1138 praetoriam
811 1077 902 1140 ipsius
924 1077 1080 1137 cohortem,
1104 1092 1160 1129 non
1181 1079 1339 1131 haereticos

149 1150 222 1212 dum,
239 1153 292 1204 sed
306 1154 479 1218 proditores,
492 1156 644 1217 veneficos,
657 1156 823 1222 homicidas,
841 1158 1021 1222 blasphemos
1034 1173 1105 1218 esse,
1124 1162 1200 1211 lama
1216 1161 1338 1225 publica,

149 1234 206 1287 rtis
221 1235 361 1287 bonorum
378 1237 504 1287 virorum
520 1238 699 1301 testimoniis,
718 1240 806 1290 sacris
823 1240 892 1291 item
909 1241 1010 1301 literis,
1030 1243 1208 1293 convincunt.
1226 1243 1341 1295 Interea

149 1329 216 1371 men
235 1318 327 1368 maior
345 1331 412 1383 pars
432 1320 519 1370 vincit
539 1319 697 1380 meliorem,
718 1324 747 1372 et
767 1323 830 1380 hoc,
851 1321 1071 1375 clementissime
1089 1325 1201 1383 caesar,
1221 1327 1248 1376 to
1265 1326 1338 1386 vivo,

169 1398 289 1459 victore,
309 1401 337 1451 te
359 1401 576 1465 triumphatore.
595 1404 760 1467 Praeterea,
781 1404 1021 1472 ole[mcntissimc]
1045 1406 1157 1467 Caesar,
1178 1409 1243 1458 sunt
1264 1409 1339 1460 inter

149 1481 273 1535 'ndentes
295 1483 494 1547 sapientesque
517 1486 604 1550 viros,
633 1486 741 1550 aliquot
764 1502 821 1538 non
842 1488 934 1538 intimi
957 1489 1089 1548 nominis,
1114 1503 1170 1540 non
1193 1492 1338 1543 extremae

149 1563 309 1624 tthorimtis,
339 1566 387 1627 qui
416 1564 591 1618 haereticum
618 1568 771 1629 hominem,
794 1570 880 1621 ctiam
903 1571 1073 1629 convictum,
1096 1573 1338 1636 pertinaciterque

149 1661 185 1701 ae
213 1649 372 1701 sententiae
401 1649 607 1709 inhaerentem,
638 1650 716 1703 nulla
744 1666 836 1715 neque
867 1667 947 1703 sacra
979 1667 1069 1716 neque
1098 1655 1245 1718 prophana
1272 1655 1337 1721 lege

149 1730 259 1799 pplicio
276 1731 351 1783 affici
366 1746 450 1796 posse
469 1733 597 1784 doceant.
616 1732 724 1793 Quibus
741 1735 766 1785 si
784 1734 830 1785 lex
848 1734 972 1785 Mosaica
984 1736 1018 1786 dc
1029 1735 1204 1799 blasphemo,
1218 1737 1252 1787 de
1264 1737 1336 1789 talso

149 1813 299 1881 uphetset
309 1815 467 1873 seductore,
482 1813 527 1866 lex
540 1815 705 1880 evangelica
717 1817 751 1868 de
763 1818 945 1881 peccantibus
961 1819 991 1868 in
1008 1819 1112 1869 iratres
1128 1822 1158 1870 et
1174 1819 1334 1881 haereticis,

149 1909 199 1964 ges
215 1896 370 1949 Caesareae
388 1898 424 1948 de
441 1890 592 1949 haereticis
611 1899 790 1962 obijcientur,
808 1900 844 1950 ad
861 1900 987 1965 singulas
1004 1901 1033 1950 in
1050 1899 1126 1951 hunc
1145 1902 1204 1953 lere
1222 1903 1336 1954 modum

149 1979 299 2044 spondent.
322 1980 366 2032 Ad
390 1980 463 2031 Mosi
485 1980 579 2045 legem
599 1981 640 2031 sic
661 1981 782 2032 dicunt:
804 1981 922 2034 Omnem
945 1982 1140 2047 blasphemum
1161 1983 1335 2036 haereticum

149 2063 177 2114 ci
192 2076 286 2128 posse,
309 2064 360 2115 sed
382 2077 438 2114 non
462 2076 573 2114 omnem
597 2062 772 2116 haereticum
795 2064 1000 2129 blasphemum.
1026 2065 1226 2130 Blasphemum
1249 2068 1335 2128 enim,

149 2146 214 2199 reto
235 2147 454 2211 contemptoque
477 2146 547 2204 Deo,
574 2147 602 2197 in
626 2147 744 2210 quodvis
767 2147 874 2198 crimen
899 2162 1037 2211 proruere
1061 2149 1258 2213 praeeipitem
1283 2149 1335 2200 hos

149 2239 194 2288 ro,
214 2229 264 2293 qui
282 2227 335 2280 hac
357 2230 454 2280 nostra
472 2229 565 2280 aetate
586 2228 795 2281 haereticorum
813 2231 926 2281 nominc
945 2230 979 2281 ab
997 2231 1119 2281 inimicis
1137 2232 1333 2293 traducuntur,

149 2307 174 2363 ti
188 2311 248 2364 Deo
265 2310 432 2368 adhaerere,
450 2310 538 2362 solius
555 2312 609 2363 Dei
627 2312 731 2375 verbis,
745 2313 914 2363 testimoniis
928 2315 958 2363 et
969 2312 1080 2378 legibus
1092 2314 1186 2375 inniti,
1200 2315 1334 2378 quidquid

149 2392 214 2446 this
231 2392 276 2447 vel
292 2393 383 2459 pilum
400 2392 488 2444 latum
506 2393 635 2455 abducat,
657 2394 743 2460 longe
761 2396 863 2460 lugere
882 2397 965 2457 atque
983 2395 1128 2446 detestari.
1143 2395 1237 2455 Quare
1255 2396 1333 2448 nullo

149 2475 200 2529 odo
215 2474 309 2542 legem
320 2475 392 2529 Mosi
409 2476 444 2527 de
460 2474 632 2540 blasphemis
644 2476 674 2527 in
687 2477 738 2528 hos
751 2477 878 2540 torqueri
890 2491 982 2541 posse,
995 2478 1159 2529 constanter
1171 2479 1336 2539 adtlrmant.¹

149 2557 198 2610 iod
221 2571 288 2610 vero
314 2560 350 2611 de
373 2558 445 2610 talso
468 2559 674 2621 seductoreque
696 2559 837 2623 propheta
859 2560 972 2617 dicitur,
996 2558 1082 2625 longe
1105 2560 1198 2611 minus
1223 2562 1252 2612 in
1281 2561 1333 2613 hos

149 2640 255 2694 ndrare
271 2641 325 2694 hcc
341 2641 558 2693 ratiocinatione
576 2640 716 2707 colligunt
733 2657 739 2690 :
759 2642 777 2693 J
781 2643 847 2694 ubet
864 2642 968 2702 Moses,
990 2642 1132 2704 inquiunt,
1153 2644 1331 2709 prophetam,

149 2723 240 2781 mm.
252 2724 383 2784 amicum,
394 2737 521 2781 uxorem,
532 2724 590 2787 qui,
603 2724 714 2774 deserto
727 2738 794 2775 vero
807 2727 836 2776 et
848 2739 903 2775 uno
917 2724 987 2784 Deo,
998 2723 1106 2775 alienos
1119 2725 1187 2776 deos
1198 2726 1332 2778 colendos

149 2806 263 2865 verint,
281 2807 467 2858 exterminari
484 2808 513 2857 et
530 2804 630 2857 deleri.
649 2809 687 2857 At
704 2806 734 2856 hi
762 2808 852 2857 nostri
869 2806 1017 2870 haeretici,
1039 2821 1095 2857 non
1116 2807 1206 2858 solum
1224 2808 1332 2860 alienos

149 2900 183 2941 os
208 2902 266 2940 non
287 2888 430 2946 colendos,
455 2901 511 2939 non
534 2889 698 2947 audiendos,
724 2903 780 2939 non
804 2891 963 2952 sequendos
987 2890 1099 2950 docent,
1124 2903 1222 2941 verum
1245 2891 1331 2942 etiam

149 2969 230 3024 laetis
253 2969 349 3027 larvis,
377 2970 511 3022 detractis
536 2971 675 3034 personis,
700 2972 868 3035 contemptis
891 2970 1028 3035 phaleris,
1052 2972 1178 3023 externis
1201 2973 1331 3024 omnibus

162 3066 246 3105 auum
267 3052 360 3105 locum
380 3053 514 3111 redactis,
538 3052 630 3104 solum
653 3054 743 3105 Deum
766 3053 924 3113 colendum,
949 3052 1029 3104 illum
1053 3053 1144 3104 solum
1165 3056 1194 3104 et
1217 3055 1331 3106 unicum

149 3134 280 3201 ophetam
303 3136 473 3187 audiendum
495 3136 670 3200 praedicant,
694 3150 778 3200 quem
800 3136 848 3199 qui
874 3150 929 3185 non
958 3135 1090 3192 audierit,
1119 3150 1176 3186 non
1204 3138 1330 3199 quemvis

149 3218 259 3271 minum
275 3220 324 3270 aut
341 3217 517 3284 angelorum,
536 3220 586 3270 sed
605 3219 698 3282 ipsum
722 3218 876 3269 coelestum
899 3219 1019 3281 patrem,
1043 3217 1228 3269 iustissimum
1248 3218 1329 3270 illum

149 3300 245 3364 tieem,
267 3301 381 3353 tandem
401 3315 452 3351 suo
477 3299 550 3351 malo
576 3300 698 3353 ultorem
722 3301 897 3365 experietur.
920 3299 1002 3351 Hune
1025 3300 1193 3364 prophetam
1217 3302 1330 3353 unicum

149 3380 244 3435 lelioet
259 3381 313 3433 Dei
330 3382 421 3433 tilium
437 3381 547 3442 Jcsum,
567 3382 614 3445 qui
632 3384 675 3433 est
693 3382 748 3443 via,
761 3382 874 3441 veritas,
888 3382 954 3441 vita,
968 3381 1027 3440 lux,
1041 3382 1144 3432 ostium
1157 3383 1330 3446 sequendum

149 3465 255 3518 imunt.
273 3463 307 3516 In
324 3463 408 3516 huius
425 3465 515 3515 solius
534 3464 646 3516 nomine
663 3466 773 3529 patrem
791 3465 986 3526 invocandum,
1000 3465 1048 3528 qui
1061 3453 1143 3515 datus
1160 3467 1204 3517 est
1220 3467 1331 3519 nobisa

149 3547 192 3599 he
203 3545 306 3598 unicus
323 3547 473 3605 mediator,
486 3547 618 3597 sacerdos
631 3548 660 3597 et
672 3548 853 3605 sacrificium,
865 3547 1039 3610 redemptor,
1053 3547 1230 3611 propiciatio,
1242 3549 1331 3602 inter·

149 3640 215 3687 sor,
231 3627 393 3686 advocatus,
405 3630 511 3691 pastor,
526 3629 624 3679 doctor
636 3630 663 3679 et
676 3630 821 3694 magister,
835 3643 898 3678 cum
917 3643 971 3691 quo
984 3629 1013 3679 et
1029 3629 1057 3678 in
1076 3643 1131 3692 quo
1150 3629 1236 3681 Pater
1249 3633 1330 3682 nohis

149 3723 186 3763 se
203 3711 234 3761 ct
251 3710 347 3760 omnia
359 3723 409 3761 sua
421 3708 619 3761 liberalissime
632 3712 754 3762 donavit.
769 3710 892 3761 Proinde
906 3710 1040 3774 quidquid
1052 3710 1182 3763 caelestis
1194 3714 1330 3779 magister

149 3793 200 3852 tet,
220 3791 385 3844 discendum
405 3807 411 3842 :
431 3793 566 3856 quidquid
576 3793 666 3856 jubet,
684 3793 858 3856 laciendum3
872 3793 1008 3855 quidquid
1019 3793 1162 3857 prohibet,
1175 3795 1328 3848 vitandum.

149 3873 265 3928 minum
286 3874 440 3936 doctrinas,
462 3875 518 3925 nisi
537 3875 673 3938 quantum
694 3876 729 3926 ab
749 3875 833 3926 huius
853 3875 1010 3939 prophetae
1030 3876 1160 3928 doctrina
1175 3876 1329 3930 tulciantur

149 3960 228 4012 moes
249 3968 322 4017 esse,
345 3970 504 4022 perversas,
526 3957 636 4021 impias.
659 3957 749 4008 Tanto
773 3959 857 4010 etiam
877 3956 991 4023 longius
1011 3958 1046 4009 ab
1066 3959 1143 4009 omni
1162 3960 1329 4024 impostura,

149 4053 217 4099 ore,
243 4037 365 4100 haeresi,
389 4052 557 4104 quemquam
578 4039 740 4098 abscedere,
762 4042 865 4103 quanto
885 4040 1002 4104 propius
1023 4041 1058 4091 ad
1078 4039 1162 4092 huius
1178 4041 1329 4096 caelestem

149 4123 266 4178 ninam
287 4123 449 4175 accesserit.
470 4122 532 4173 Hoc
554 4123 648 4186 modo,
671 4121 891 4175 clementissime
917 4123 1029 4182 Caesar,
1053 4127 1083 4175 et
1104 4123 1234 4189 pluribus
1254 4125 1328 4185 aliis,

149 4245 155 4268 ,
187 4218 263 4270 quos
287 4205 417 4270 pontiiex
443 4204 589 4256 Romanus
617 4203 776 4256 haereticos
805 4207 895 4265 vocat,
925 4220 942 4257 a
970 4206 1112 4258 Mcsaicae
1134 4206 1207 4273 legis
1229 4210 1330 4274 poenis

149 4286 277 4344 endunt,
290 4287 428 4338 addentes
445 4287 530 4338 etiam
547 4287 672 4338 ludaeos
690 4286 762 4352 legis
780 4288 922 4340 Mosaicac
940 4287 982 4355 (ut
998 4289 1088 4340 videri
1104 4289 1213 4355 volunt)
1225 4291 1330 4343 studio·

149 4373 237 4426 imos
257 4369 343 4431 atque
365 4369 637 4426 observantissimos.
657 4369 827 4421 Pharisaeos
847 4372 876 4421 et
895 4370 1052 4422 Sadueaeos
1072 4386 1139 4423 vere
1159 4371 1327 4431 haereticos,

172 4452 277 4506 solum
295 4450 441 4512 tolerasse,
461 4453 510 4504 scd
528 4453 614 4503 ctiam
626 4453 711 4503 rebus
723 4453 782 4502 suis
795 4453 894 4504 crebro
907 4455 1065 4517 praefectos
1077 4454 1242 4507 honorasse.
1255 4455 1328 4506 Hinc

149 4532 361 4602 evangelicam
386 4533 480 4602 legem
508 4534 576 4587 laeti
604 4531 764 4614 convolant,
790 4536 820 4587 et
847 4534 990 4588 christum
1018 4538 1157 4600 docuisse,
1184 4539 1324 4608 quomodo
