3224 5400
355 487 402 538 loe
877 488 982 542 ANNO
1000 487 1066 540 1526

354 653 516 718 huiusmodi
530 653 692 706 eleuatione
710 654 794 713 iacta,
809 655 911 705 offerat
922 654 952 705 et
964 653 1091 706 dimittat
1100 653 1130 705 in
1143 653 1243 706 eadem
1255 651 1380 706 eeclesia
1392 654 1431 705 ad
1447 654 1569 706 dictamen

356 735 537 786 dominorum
550 736 649 799 decanj
663 737 693 787 et
709 735 825 800 capitul]
839 737 1025 800 prefatorum.

388 817 524 881 Receptie
537 818 678 881 siquidem
693 831 745 882 per
762 817 956 869 venerabilem
968 818 998 869 et
1008 818 1160 884 egregium
1177 818 1270 869 virum
1287 817 1441 870 dominum
1457 820 1487 870 et
1500 816 1570 883 nugi

356 901 447 950 strum
462 898 612 950 Nicolaum
631 899 748 964 Coppyn
767 901 801 951 de
819 900 973 960 Montibus,
992 900 1097 951 artium
1114 900 1144 951 et
1160 912 1241 952 sacre
1257 900 1366 966 pagine
1383 900 1570 967 professorem.

357 982 495 1032 decanum
506 980 626 1032 ecclesie
636 981 789 1046 collegiate
798 982 873 1045 beatj
884 981 963 1046 Petrj
975 982 1052 1046 opidj
1063 981 1260 1042 Lemniensis,
1270 981 1444 1034 Leodiensie
1452 980 1569 1046 dyocesis

356 1064 567 1126 inquisitorem,
587 1065 652 1124 etc,
671 1062 776 1114 litteris
794 1064 898 1114 clausis
914 1062 1121 1114 venerabilium
1140 1063 1267 1115 virorum
1284 1063 1471 1114 dominorum
1487 1062 1568 1127 (1οωὶ

357 1147 387 1196 et
409 1143 526 1209 capitul]
552 1145 620 1195 diue
643 1145 770 1210 Virginis
793 1144 884 1196 Marie
908 1145 989 1209 opidi
1012 1145 1176 1203 Brodensis.
1203 1144 1278 1196 dicte
1301 1145 1447 1210 dyocesis,
1469 1156 1569 1196 mm

356 1227 538 1278 contessione
562 1226 743 1277 dominorum
766 1227 886 1291 Josephi
907 1227 1066 1278 dAronsten
1087 1229 1116 1278 et
1135 1225 1257 1291 Cornelii
1279 1226 1430 1289 Hoesdem
1451 1226 1489 1292 vt]
1508 1238 1569 1291 pru·

356 1309 523 1373 hyterorum
541 1310 570 1358 et
587 1307 800 1372 capellanorum
818 1309 892 1359 dicte
910 1308 1031 1360 ecclesie
1048 1308 1202 1359 Bredeneie
1219 1321 1272 1372 per
1288 1308 1411 1360 eoadem
1427 1306 1569 1373 capellense

357 1389 519 1453 subscripta
531 1390 559 1439 et
572 1389 655 1453 dictjs
668 1389 773 1453 litterjs·
787 1389 943 1441 introclusa
955 1389 1119 1456 (nillisque
1132 1390 1226 1441 debite
1238 1402 1291 1454 per
1304 1390 1434 1441 eundem
1445 1389 1568 1441 domintm

358 1472 496 1524 decanum
517 1472 547 1521 et
566 1471 766 1533 inquisitorem
787 1472 882 1522 debite
907 1473 936 1522 vt
959 1485 1046 1536 supra
1068 1472 1220 1536 assumptis
1244 1472 1274 1523 et
1296 1470 1436 1529 visitatis.
1459 1470 1568 1522 dominu

359 1553 484 1604 decanus
502 1564 598 1602 coram
615 1552 758 1603 Rewardo
777 1552 837 1605 Ode
854 1551 941 1610 Zoilo,
955 1553 1069 1604 domino
1080 1552 1126 1605 Jo.
1141 1552 1225 1617 Fabrj
1239 1556 1270 1604 et
1279 1552 1329 1605 Jo.
1343 1552 1381 1604 de
1392 1551 1569 1609 waima

359 1634 596 1686 interessentibue
613 1633 823 1684 venerabilibus
835 1635 904 1684 viris
916 1635 1038 1684 dominis
1050 1637 1080 1685 et
1090 1635 1237 1700 magistris
1248 1633 1397 1685 Rewardo
1410 1633 1531 1701 'l'appart
1541 1632 1568 1683 de

359 1716 513 1773 Enobusia,
532 1716 636 1766 artium
655 1717 684 1766 et
701 1729 780 1766 sacre
798 1717 902 1780 pagine
920 1717 1083 1779 professore
1086 1750 1137 1775 .....
1151 1729 1231 1766 suam
1243 1714 1482 1776 declarationem,
1492 1713 1568 1766 volni·

359 1799 457 1856 tatem.
478 1800 508 1850 et
528 1796 738 1848 ordinationem
757 1797 880 1861 desuper
896 1799 1100 1862 pronunciauit
1117 1798 1147 1848 in
1164 1797 1280 1862 scriptis
1296 1797 1328 1848 in
1346 1799 1437 1849 modo
1454 1798 1484 1849 et
1496 1798 1569 1848 torna

358 1879 560 1944 sequentibus:

392 1962 530 2012 Dominus
553 1961 687 2020 decanus,
712 1962 865 2024 inquisitor
887 1963 1025 2025 prelatus,
1049 1963 1135 2026 prout
1154 1961 1318 2025 supratacta
1342 1961 1568 2014 declarationeet

359 2043 539 2094 ordinatione
551 2043 634 2092 iactis
647 2043 676 2093 ct
687 2045 789 2106 expost
800 2056 852 2107 per
867 2043 1002 2107 probatos
1019 2043 1095 2093 viros
1111 2043 1281 2094 informatus
1299 2043 1336 2096 de
1354 2044 1416 2095 vita
1432 2045 1463 2096 et
1473 2054 1568 2095 eonuer

358 2126 469 2176 satione
494 2124 639 2188 prioribus
668 2124 795 2187 ipsorum
818 2138 933 2175 reorum
957 2127 1039 2175 extra
1061 2138 1158 2175 casum
1186 2124 1378 2177 contessionis
1401 2127 1478 2177 tacte
1498 2126 1568 2175 atter

360 2207 454 2269 tieque
462 2206 559 2270 sepius
568 2218 620 2270 per
631 2206 709 2270 ipsos
718 2204 892 2270 capellanos,
903 2208 931 2257 et
940 2207 1064 2271 cognitis
1077 2207 1192 2258 tandem
1202 2207 1292 2259 die...
1301 2207 1415 2258 mensis
1427 2204 1570 2258 Decembris

360 2289 425 2352 annj
431 2322 482 2346 .....
506 2288 542 2339 de
570 2288 688 2351 cordialj
714 2291 744 2338 ct
765 2288 859 2338 zolosa
886 2288 1076 2352 promissione
1104 2300 1221 2340 reorum
1247 2288 1325 2339 circa
1344 2286 1572 2341 mutacionemet

361 2369 559 2421 alterationem
583 2383 714 2420 errorum
738 2383 788 2420 seu
813 2371 941 2421 deiectus
963 2369 993 2419 in
1016 2369 1128 2429 melius,
1159 2370 1200 2421 ita
1222 2369 1297 2434 quod
1321 2370 1433 2422 exinde
1455 2365 1572 2435 repenti,

361 2452 447 2504 etiam
470 2452 494 2501 ei
519 2451 566 2514 quj
594 2451 693 2514 offensi
719 2453 794 2512 sunt,
819 2451 956 2502 accedens
983 2452 1013 2502 et
1041 2450 1134 2502 bonor
1164 2451 1216 2515 Del
1245 2451 1421 2516 restaurari,
1447 2452 1573 2516 poterunt

361 2533 480 2598 alijsque
498 2533 592 2583 causis
604 2534 670 2583 ante
682 2545 713 2583 se
725 2533 828 2583 merito
847 2546 964 2584 mouere
977 2533 1156 2590 debentibus,
1171 2530 1326 2583 atteramus
1338 2532 1370 2584 et
1380 2534 1575 2584 commutamus

360 2613 487 2665 nltimam
496 2614 607 2678 partem
620 2613 765 2665 sentencie
775 2614 810 2664 de
819 2612 946 2664 candelis
959 2613 1051 2664 cereis
1063 2612 1229 2664 ardentibus
1240 2611 1382 2664 habendis
1394 2612 1577 2665 economus

358 2696 442 2747 iestis
463 2694 693 2746 circumcisionis
716 2695 841 2759 Dominj,
859 2695 973 2759 Regum
999 2697 1029 2746 et
1055 2693 1268 2745 Puritioationia
1291 2695 1440 2760 proxime,
1462 2696 1491 2746 in
1515 2694 1577 2745 bunt

360 2777 486 2840 modum,
504 2775 637 2827 videlicet
654 2777 739 2841 quod.
756 2775 819 2827 loco
837 2775 964 2835 illorum.
988 2776 1045 2840 aibj
1069 2788 1158 2839 panes
1176 2777 1297 2827 duorum
1314 2776 1482 2829 modiorum
1502 2774 1577 2839 militi

359 2871 494 2910 mensure
511 2858 546 2909 de
563 2858 658 2909 Breda
673 2858 881 2909 distribuentur
898 2856 991 2921 aliquo
1010 2857 1056 2909 die
1072 2857 1215 2908 dominico
1236 2870 1287 2909 eeu
1303 2858 1414 2909 teetiuo
1433 2857 1579 2910 ordinando

360 2953 412 3005 per
430 2940 574 2991 dominum
592 2941 730 2991 decanum
742 2940 809 2992 diue
823 2940 914 2991 Marie
925 2939 1050 3005 Virginis
1063 2938 1228 2996 Brodensis,
1240 2939 1271 2990 et
1280 2939 1462 3004 pauperibus
1474 2938 1579 3002 cariffi,

361 3022 494 3087 expensis
506 3022 671 3074 eorumdem
684 3034 808 3072 reorum.

395 3104 558 3156 Notandum
582 3103 657 3167 quod
680 3102 733 3153 heo
757 3102 880 3153 mutacio
904 3105 933 3154 et
956 3103 1088 3154 alteratio
1112 3103 1168 3154 tuit
1190 3103 1266 3154 iacta
1287 3116 1341 3167 per
1364 3103 1507 3155 decanum
1526 3102 1582 3168 poet

362 3185 512 3238 meridiem
525 3186 554 3236 in
568 3186 651 3235 domo
664 3198 725 3242 sua.
739 3185 785 3235 die
797 3186 938 3248 pretecta3
951 3185 1001 3236 sed
1014 3185 1149 3247 quianon
1161 3184 1451 3249 iuitpaesatacoram
1463 3184 1581 3241 testibus,

362 3267 493 3331 recusauj
507 3268 576 3319 dare
589 3268 798 3318 documentum.

624 3363 821 3428 Riilssarchiei
837 3365 866 3414 to
884 3363 1012 3421 Brussel‚
1035 3363 1154 3417 Reneeia
1173 3362 1208 3416 de
1232 3363 1344 3429 vienne,
1363 3363 1429 3416 Inv.
1448 3364 1513 3419 deel
1529 3362 1582 3420 XV.

657 3446 741 3498 liasse
754 3456 785 3496 nr
796 3445 910 3497 XLVII.

928 3636 1018 3703 558.

417 3821 523 3892 1526,
560 3812 753 3900 Doesburq.
788 3817 1040 3903 Aanteekening
1064 3817 1114 3885 uit
1130 3817 1170 3883 de
1186 3814 1406 3904 gelijktijdigo
1426 3817 1583 3885 klooster·

364 3917 496 4005 kronijk
521 3938 587 3985 van
619 3918 676 3984 het
702 3918 895 3985 Fraterbuis
922 3925 957 3984 te
984 3914 1152 4005 Doesburg
1178 3937 1258 3984 over
1283 3916 1324 3982 de
1358 3919 1584 4006 verepreiding

363 4020 422 4086 der
452 4020 655 4086 Luthersche
686 4020 867 4105 gedaohten
887 4020 920 4085 in
936 4020 984 4087 dit
1014 4020 1174 4089 klooster.
1192 4055 1238 4069 -
1255 4019 1379 4087 Vooral
1395 4020 1438 4088 de
1450 4022 1584 4110 jongere

362 4119 540 4189 monniken
556 4141 668 4189 waren
685 4130 876 4209 aengetastf
889 4129 958 4191 wat
971 4124 1042 4191 veel
1055 4124 1121 4191 last
1134 4143 1174 4188 en
1189 4121 1345 4188 wanorde
1360 4123 1582 4192 medebracht.

395 4327 432 4394 (l)
450 4327 521 4380 Hier
544 4327 647 4393 volgen
670 4327 772 4392 conige
794 4327 901 4393 regem,
922 4326 1076 4378 overladen
1099 4326 1159 4377 met
1178 4324 1425 4391 doorgeschrapte
1446 4341 1486 4379 en
1505 4329 1584 4393 bijge·

361 4410 499 4462 eohreven
517 4410 662 4469 woorden,
673 4411 774 4461 zoodat
785 4410 820 4461 de
832 4411 876 4461 zin
888 4409 1017 4473 moeilijls
1030 4411 1057 4460 te
1071 4409 1239 4473 ontcijieron
1257 4420 1325 4458 was.
1339 4406 1384 4459 De
1396 4406 1526 4462 leemten
1536 4410 1583 4473 aba

362 4493 390 4544 in
404 4492 453 4543 liet
464 4491 653 4543 handscliriit.
